4970 6428
1338 503 1482 599 -so—

530 729 661 780 novum
686 704 921 800 fragmentum
954 709 1016 776 aut
1049 710 1130 774 ante
1157 709 1218 775 aut
1243 709 1322 800 post
1346 705 1475 776 rerba:
1515 705 1576 799 qui
1611 705 1698 776 liber
1731 728 1802 777 non
1835 712 1966 799 exstat,
2002 705 2156 802 incipere
2182 707 2295 780 etiarn

531 861 707 926 structura
733 852 808 949 ejus
834 851 1030 946 enunciati,
1054 849 1161 947 ‘quod
1187 849 1320 922 verbis:
1357 851 1449 924 idem
1476 852 1634 950 Appius,
1663 852 1799 950 incipit,
1826 852 1979 948 indicat,
2008 853 2293 951 inconcinnaque

531 1004 659 1074 verba:
686 1001 839 1099 primum
864 1000 908 1072 de
933 1000 1231 1098 usurpationibus,
1258 1002 1426 1099 optimam
1443 1001 1663 1096 conjecturae
1681 1024 1805 1074 ansam
1822 1003 2002 1099 praebent,
2030 1002 2079 1076 ibi
2104 1002 2170 1076 hoe
2196 1002 2295 1099 frag·

531 1158 687 1222 mentum
724 1148 889 1244 incipere.
942 1147 1105 1220 Ceterum
1138 1147 1168 1218 si
1196 1148 1322 1221 verba:
1357 1150 1509 1246 primum
1542 1148 1584 1221 de
1618 1149 1924 1245 usurpationibus,
1962 1150 2084 1223 merito
2117 1151 2295 1248 ejicienda

532 1305 624 1392 sunt,
651 1298 798 1394 ideoque
825 1300 951 1370 verba:
988 1298 1050 1393 qui
1080 1297 1168 1370 liber
1201 1321 1272 1371 non
1297 1305 1429 1392 exstat,
1466 1298 1511 1369 ad
1537 1321 1579 1370 ea
1606 1295 1726 1368 referri
1752 1319 1822 1368 non
1848 1305 2013 1394 possunt,
2041 1323 2171 1372 novum
2196 1299 2295 1396 frag-

531 1456 688 1522 mentum
714 1458 795 1521 ante
819 1472 860 1520 ea
886 1449 995 1520 rerba
1022 1447 1184 1545 incipere,
1212 1447 1409 1520 necessario
1428 1445 1640 1520 censendum
1658 1453 1721 1540 est,
1751 1469 1830 1518 cum
1848 1447 1888 1540 is,
1916 1447 1977 1542 qui
2001 1447 2159 1544 Appium
2185 1447 2295 1520 Clau—

530 1598 628 1671 dium
657 1597 897 1671 tenurmmodo
922 1596 1014 1670 tradi
1040 1598 1177 1692 dixerit,
1206 1597 1360 1672 actiones
1387 1595 1579 1692 scripsisse,
1608 1596 1675 1668 nisi
1701 1595 1938 1669 hariolaturus
1965 1602 2050 1691 erat,
2079 1597 2141 1668 vix
2167 1619 2292 1669 neces-

532 1747 664 1820 sarium
689 1748 816 1821 ducere
841 1748 1003 1845 potuerit,
1032 1747 1216 1842 affirmare,
1244 1771 1324 1820 eum
1350 1746 1478 1819 librum
1503 1768 1574 1816 non
1601 1751 1751 1817 exstare.

682 1946 769 2020 XII.
797 1947 938 2020 Novum
972 1946 1225 2043 fragmentum,
1261 1946 1354 2042 quod
1384 1945 1519 2017 verbis:
1552 1945 1704 2041 primum
1737 1944 1781 2017 de
1817 1945 2120 2041 usurpationibus,
2156 1945 2291 2042 incipit,

533 2096 702 2190 perbreve
720 2103 783 2167 est.
835 2095 966 2168 Utrum
991 2119 1073 2170 vero
1099 2097 1225 2168 uerbo:
1254 2096 1363 2190 Furii,
1381 2121 1437 2168 wau
1463 2094 1598 2167 verbis:
1626 2093 1891 2196 cognominatus
1918 2100 1980 2188 est,
2008 2117 2099 2189 quae
2125 2095 2161 2166 in
2187 2119 2294 2191 para-

532 2242 667 2340 grapho
691 2243 869 2338 trigesima
895 2244 1044 2340 septima
1068 2243 1241 2338 leguntur,
1268 2242 1420 2338 finiatur,
1445 2242 1607 2338 equidem
1632 2267 1703 2314 non
1728 2242 1841 2314 ausim
1866 2241 2070 2339 dijudicare.

681 2424 786 2497 XIII.
813 2425 916 2498 Certe
941 2434 1021 2523 post
1050 2426 1137 2500 haec
1171 2427 1280 2514 verba
1314 2425 1350 2497 in
1381 2424 1604 2522 paragrapho
1640 2423 1819 2520 trigesima
1850 2424 1998 2521 septima
2034 2425 2117 2522 Gaji
2151 2427 2293 2498 nomine

533 2573 659 2646 iterum
684 2598 815 2646 norum
840 2572 1074 2670 fragmentum
1099 2574 1341 2668 introducitur,
1370 2575 1412 2646 de
1437 2598 1506 2669 quo
1529 2574 1605 2669 jam
1633 2597 1740 2670 supra
1766 2573 1925 2646 disserui.

682 2755 805 2828 XIIII.
830 2756 873 2829 Id
900 2783 1038 2853 quoque
1063 2757 1297 2853 fragmentum
1319 2754 1487 2852 perbreve
1514 2760 1577 2847 est,
1602 2775 1715 2847 neque
1732 2753 1826 2824 ultra
1844 2755 1970 2826 verba:
1998 2754 2134 2828 consuli
2159 2767 2291 2854 posset.

532 2904 668 2978 Deinde
696 2905 845 2995 Quintus
872 2905 1010 2978 Mucius
1038 2963 1046 2977 .
1075 2961 1082 2976 .
1111 2960 1118 2977 .
1147 2961 1167 3000 .,
1204 2903 1416 2976 extenditur.
1475 2900 1642 2974 Publium
1668 2901 1869 2976 Cornelium
1895 2904 2094 3002 Scipionem
2121 2907 2292 2980 Nasicam

532 3078 603 3126 non
630 3063 710 3128 ante
737 3055 918 3128 Tiberium
945 3055 1205 3128 Coruncanium
1230 3055 1361 3127 vixisse
1388 3059 1535 3147 constat,
1563 3051 1681 3147 itaque
1707 3075 1773 3124 nec
1794 3060 1876 3124 ante
1902 3076 1982 3124 eum
2008 3054 2138 3128 uixisse
2163 3065 2288 3154 potest,

533 3203 593 3298 qui
619 3203 840 3277 Coruncanio
865 3205 970 3277 etiam
996 3205 1149 3278 anterior
1175 3213 1238 3276 est.
1291 3205 1377 3294 Quis
1413 3227 1495 3274 vero
1521 3201 1624 3274 fuerit
1656 3202 1714 3274 ille
1742 3203 1893 3292 Quintus
1919 3203 2067 3301 Mucius,
2096 3206 2289 3302 ignoratur.

532 3334 607 3425 Aut
633 3353 784 3442 Quintus
811 3353 943 3425 Fabius
969 3353 1146 3426 Maximus
1171 3353 1363 3426 Cunctator
1397 3354 1462 3425 sub
1496 3352 1562 3425 hoc
1596 3319 1904 3448 nominatarum,
1937 3363 1999 3425 aut
2024 3361 2136 3427 totum
2161 3381 2291 3430 nomen

532 3501 766 3597 negligentiae
792 3501 940 3599 alicujus
969 3502 1101 3574 hbrarii
1127 3503 1281 3598 debetur,
1309 3502 1370 3598 qui
1395 3501 1522 3575 rudera
1548 3501 1796 3599 inscriptionis,
1824 3527 1914 3598 quae
1941 3503 2167 3600 indicaverit,
2195 3508 2290 3601 quod

533 3657 700 3744 sequatur
735 3651 988 3748 fragmentum,
1019 3652 1175 3749 ejusdem
1206 3650 1438 3749 jureconsulti
1470 3658 1576 3746 atque
1610 3652 1823 3748 praecedens
1857 3651 2091 3750 fragmentum
2117 3678 2208 3749 esse,
2245 3679 2291 3727 ex

532 3799 606 3895 ejus
634 3799 731 3872 libris
758 3798 802 3870 ad
831 3799 998 3888 Quintum
1024 3799 1181 3872 Mucium
1214 3800 1269 3872 vel
1304 3825 1350 3872 ex
1376 3801 1504 3889 Quinto
1542 3801 1658 3875 Mucio
1684 3801 1899 3897 desumtum,
1926 3810 2073 3892 ¹mutata
2107 3805 2218 3878 forma
2253 3808 2290 3878 in

532 3950 648 4046 ipsum
674 3957 807 4022 textum
835 3949 1014 4045 receperit.

682 4132 845 4204 Ceterum
869 4132 935 4204 hoc
952 4131 1186 4229 fragmentum
1203 4157 1314 4230 usque
1332 4134 1378 4206 ad
1395 4136 1521 4207 rerba:
1548 4136 1612 4208 hos
1630 4143 1784 4208 sectatus
1802 4135 1848 4208 ad
1866 4135 1999 4232 aliquid
2017 4143 2071 4208 est
2089 4136 2187 4231 Cato,
2207 4163 2289 4236 por·

531 4283 666 4380 rigitur.
719 4281 867 4376 Omnia,
903 4305 993 4376 quae
1027 4305 1138 4378 usque
1173 4281 1219 4355 ad
1251 4283 1339 4355 haec
1374 4285 1481 4357 verba
1515 4283 1697 4381 leguntur,
1735 4286 1863 4383 optime
1898 4287 1989 4360 inter
2024 4309 2061 4358 se
2089 4287 2289 4361 cohaerent.

533 4432 786 4528 Fragmentum
820 4431 854 4504 id
881 4431 1067 4528 Pomponii
1101 4454 1171 4504 non
1195 4453 1287 4526 esse,
1323 4455 1413 4526 quae
1447 4431 1490 4502 de
1516 4431 1624 4505 Sexto
1651 4434 1754 4506 Aelio
1780 4443 1980 4532 narrantur,
2009 4437 2182 4532 indicare,
2213 4436 2292 4532 jam

534 4604 641 4676 supra
668 4582 797 4654 monui.
848 4581 937 4653 item
964 4605 1034 4654 non
1058 4581 1214 4677 ejusdem
1240 4581 1419 4677 scriptoris
1445 4605 1521 4653 esse
1547 4589 1679 4679 potest,
1707 4584 1807 4680 cujus
1834 4593 1887 4657 est
1901 4571 2049 4658 'initium
2074 4585 2291 4683 paragraphi

533 4732 731 4828 trigesimae
757 4731 936 4828 septimae.
977 4731 1045 4820 Qui
1071 4730 1165 4803 enim
1190 4727 1340 4802 Atilium
1365 4729 1516 4826 primum
1543 4755 1565 4803 6
1590 4732 1719 4829 populo
1745 4733 1946 4831 Sapientem
1973 4734 2190 4832 appellatum
2213 4757 2291 4808 esse

533 4889 740 4955 narraturus
766 4889 836 4976 est,
864 4879 977 4953 solum
1002 4879 1248 4984 Sempronium
1273 4903 1294 4950 a
1321 4879 1451 4976 populo
1473 4880 1633 4954 Romano
1663 4886 1776 4966 σόφον
1804 4881 2021 4979 appellatum
2047 4907 2141 4978 esse,
2176 4907 2290 4979 neque

535 5052 737 5124 quenquam
764 5035 845 5100 ante
870 5028 964 5100 hunc
990 5035 1051 5100 aut
1077 5032 1156 5126 post
1181 5026 1275 5100 hunc
1293 5026 1359 5100 hoc
1378 5028 1516 5102 nomine
1535 5033 1816 5127 cognominatum
1843 5057 1929 5127 esse,
1957 5032 2132 5106 affirmare
2157 5034 2289 5128 nequit.

536 5175 667 5248 Contra
694 5177 929 5273 fragmentum
955 5177 1109 5274 ejusdem
1136 5177 1315 5276 scriptoris
1341 5203 1436 5272 esse,
1469 5181 1567 5276 cujus
1603 5188 1655 5252 est
1681 5181 1925 5280 paragraphus
1951 5183 2129 5278 trigesima
2156 5183 2289 5278 quinta,

535 5325 660 5398 verba:
688 5332 727 5396 ut
754 5325 839 5420 dixi,
865 5327 1105 5400 demonstrare
1131 5326 1305 5400 videntur.
