4970 6428
1054 515 1071 577 i

326 707 364 798 4)
392 704 575 796 Quartum,
603 699 696 797 quod
720 700 841 797 Lydus
863 699 1003 797 recepit,
1031 697 1266 794 fragmentum
1287 697 1391 769 Pauli
1413 705 1476 792 est,
1504 695 1663 790 idemque
1690 695 1725 767 in
1747 695 1936 768 Pandeetis

175 853 305 951 legitur
331 851 367 924 in
394 851 416 924 l.
448 853 480 922 1.
507 850 550 924 de
576 848 634 922 off.
660 846 770 946 praef.
798 849 868 944 vig.

277 1001 368 1098 Lydi
395 999 438 1094 (1,
467 1001 529 1094 50)
555 1000 662 1071 verba
689 997 776 1070 haee
804 1005 905 1069 sunt:
1058 1012 1060 1054 ÷
1210 994 1471 1068 Pandeotarum
1495 994 1603 1066 verba
1626 992 1731 1066 haee:

286 1155 337 1219 Τό
371 1152 589 1236 romanamet
621 1149 780 1236 σύστημα
810 1151 906 1232 παρὰ
933 1150 1004 1232 τοῖς
1057 1062 1061 1242 t
1211 1143 1331 1242 Apud·
1350 1143 1556 1216 vetustiores
1586 1142 1755 1215 incendiis
1777 1142 1937 1216 arcendis

174 1305 342 1384 παλαιοῖς
359 1303 416 1367 dari
429 1305 506 1383 τούς
519 1304 747 1388 ἑμτιρησμοὺς
761 1302 1005 1384 προεβάλοντο·
1112 1292 1286 1367 triumviri
1306 1300 1504 1389 praeerant,
1532 1291 1594 1387 qui
1614 1293 1660 1363 ab
1681 1315 1731 1386 ee,
1760 1290 1853 1385 quod
1878 1315 1938 1362 ex-

176 1456 216 1516 οἳ
227 1450 286 1516 καὶ
299 1450 490 1533 νυκτερινοὶ
504 1454 542 1516 ἐκ
556 1449 828 1534 τοῦπράγματος
841 1451 1004 1537 ἐλέγοντο.
1114 1441 1235 1514 aubias
1261 1441 1424 1536 agebant,
1452 1438 1614 1512 nocturni
1638 1438 1723 1510 dieti
1747 1446 1839 1510 sunt.
1880 1437 1938 1510 In-

178 1601 334 1682 συνῇοαν
364 1598 398 1662 δὲ
428 1599 545 1677 αὐτοῖς
573 1598 632 1662 καὶ
657 1601 690 1664 ot
715 1598 929 1686 ἀγορανόμοι
950 1601 1007 1666 καὶ
1113 1591 1354 1663 terreniebant
1387 1611 1642 1682 nonnunquam
1674 1594 1708 1658 et
1742 1586 1871 1660 aediles
1907 1595 1941 1657 et

177 1745 293 1832 ὃῄμαρ
295 1771 367 1833 χοι,
391 1747 606 1832 ὑιτουργοίῑῑ)
634 1749 818 1833 κολλήγιον
839 1750 926 1832 (α’ντὶ
948 1753 1008 1815 τοῦ
1112 1739 1244 1812 tribuni
1269 1737 1392 1837 plebia.
1451 1738 1539 1809 Erat
1572 1743 1691 1808 antem
1718 1733 1852 1808 familia
1877 1760 1941 1832 pu·

180 1896 366 1982 σύστημα),
389 1893 474 1978 ὅπερ
493 1896 551 1976 τὰς
565 1896 678 1976 πύλας
695 1900 754 1981 τῆς
773 1897 907 1980 πόλεως
926 1898 1007 1982 ᾤκει
1113 1887 1206 1960 blica
1241 1887 1334 1960 eirea
1365 1893 1504 1983 portam
1536 1893 1571 1956 et
1605 1908 1723 1956 muros
1760 1883 1939 1981 disposita,

179 2045 240 2110 καὶ
272 2048 311 2110 τά
339 2045 445 2132 τιὶχη,
474 2045 558 2111 ὥστε
589 2053 649 2130 τῆς
679 2047 805 2134 χρείας
826 2051 1004 2134 καλούσης
1062 2065 1064 2101 ÷
1114 2035 1217 2130 unde,
1246 2035 1275 2106 si
1302 2061 1390 2134 opus
1416 2044 1517 2130 esset,
1544 2037 1770 2108 evocabatur.

180 2195 338 2282 εὐχερῶς
362 2195 631 2281 εὑρισκομένους
656 2199 866 2286 συντρέχειν.
1062 2261 1065 2289 ,

331 2329 411 2402 Non
439 2338 511 2426 est,
548 2356 609 2404 our
634 2342 768 2432 putem,
797 2337 888 2434 Lydi
913 2347 1049 2412 textum
1072 2341 1213 2415 aliunde
1241 2355 1393 2417 sumtum
1419 2369 1494 2417 esse
1522 2368 1629 2438 quam
1664 2365 1708 2414 ex
1739 2339 1941 2413 Pandeotis.

180 2483 435 2578 UndeLydus
462 2503 601 2552 vocem:
629 2489 812 2578 κολλήγιον
835 2488 1005 2586 sumserit,
1034 2491 1221 2564 obscurum
1249 2500 1312 2564 est.
1364 2492 1517 2564 Paulum
1539 2491 1723 2587 collegium
1748 2490 1941 2587 scripsisse,

182 2634 511 2731 Pandeetarumque
538 2637 785 2734 compositores
812 2662 875 2734 pro
900 2663 940 2711 eo
966 2639 1135 2713 familiam
1161 2642 1339 2739 publicam
1365 2641 1534 2739 posuisse,
1562 2664 1634 2712 non
1661 2637 1879 2710 crediderim.

332 2783 498 2856 Similiter
522 2783 734 2879 reliquorum
760 2809 899 2880 quoque
924 2787 1030 2860 trium
1050 2787 1325 2885 fragmentorum
1346 2789 1424 2862 fons
1442 2788 1643 2862 Pandeetae
1665 2811 1741 2860 esse
1760 2785 1936 2859 videntur.

182 2932 468 3028 Unumquodque
496 2933 620 3005 horum
646 2931 920 3030 fragmentorum
945 2937 1051 3010 alieni
1076 2939 1162 3036 legis
1197 2939 1370 3012 secundae
1405 2938 1448 3011 de
1475 2937 1607 3033 origine
1628 2937 1719 3033 juris
1744 2935 1940 3032 fragmento

182 3104 296 3180 paene
322 3080 469 3175 aequale
494 3089 565 3176 est3
600 3105 722 3154 verum
755 3082 862 3156 etiam
895 3087 1168 3183 unumquodque
1194 3091 1240 3160 ab
1267 3089 1326 3161 illo
1351 3087 1499 3186 gemello
1525 3087 1721 3184 fragmento
1754 3086 1939 3184 perspicuo

184 3232 431 3328 aliquomodo
460 3232 697 3328 distinguitur.

338 3385 372 3478 1)
397 3383 556 3455 Primum
588 3382 624 3454 id
653 3381 888 3479 fragmentum
914 3407 1163 3478 commemom,
1191 3383 1284 3480 quod
1314 3385 1387 3481 ipse
1414 3384 1535 3480 Lydus
1561 3381 1748 3480 Pomponii
1773 3403 1849 3453 esse
1880 3380 1940 3451 ait.

184 3531 267 3605 Sine
308 3532 421 3630 eapite
457 3525 522 3606 hoe
555 3531 788 3628 fragmentum
822 3532 868 3604 ad
902 3557 974 3605 nos.
1000 3531 1191 3630 persenia*
1213 3533 1348 3607 duobus
1373 3558 1419 3606 ex
1445 3533 1557 3606 medio
1584 3531 1677 3629 Lydi
1703 3531 1821 3605 oodiee
1848 3529 1942 3602 foliis

185 3683 339 3755 resectis.
391 3681 489 3770 Quae
511 3679 645 3775 reliqua
668 3691 758 3773 sunt,
786 3705 893 3778 prope
916 3683 1127 3754 conveniunt
1149 3707 1228 3754 eum
1249 3681 1471 3780 paragrapho
1496 3682 1676 3777 trigesima
1702 3687 1831 3775 quarta
1855 3679 1942 3775 legis

187 3831 363 3904 secundae
389 3830 432 3903 de
459 3829 592 3924 origine
613 3829 716 3926 juris.

287 3980 379 4077 Lydi
404 3981 511 4052 verba
538 3980 580 4074 (I,
608 3981 670 4074 48)
696 3979 782 4054 haee
810 3989 909 4053 sunt:
1063 3989 1066 4071 ἱ
1217 3983 1476 4056 Paudeetarum
1503 3983 1610 4056 haee:

279 4134 353 4218 μὲν
375 4133 510 4198 πάντων
532 4131 613 4198 δέκα
634 4134 697 4220 μὲν
726 4133 916 4220 δήμαρχοι,
949 4131 1010 4198 δύο
1220 4133 1314 4228 Ergo
1341 4155 1385 4202 ex
1411 4133 1465 4205 his
1492 4133 1652 4204 omnibus
1672 4132 1793 4204 decem
1814 4131 1945 4204 tribuni

189 4283 224 4348 a
248 4280 369 4347 ὕπατοι
391 4283 448 4347 καὶ
470 4284 557 4348 ὀκτώ
581 4283 775 4366 ,τροίτωρις
796 4283 854 4347 καὶ
876 4281 914 4369 ἓξ
936 4283 1013 4368 otyo-
1066 4310 1069 4371 χ
1122 4281 1244 4379 plebis,
1265 4283 1425 4356 eonsules
1439 4282 1518 4376 duo,
1535 4281 1657 4353 decem
1670 4285 1703 4352 et
1719 4288 1796 4354 ooto
1810 4286 1947 4376 praeto·

188 4429 338 4516 ρανόμοι
351 4430 407 4494 ἐπὶ
419 4433 478 4512 τῆς
490 4432 624 4512 πόλεως
634 4431 820 4518 οἶτιιῗμεινοιν
831 4432 889 4496 καὶ
902 4431 1013 4518 μόνοι.
1068 4416 1071 4524 Ι
1124 4452 1190 4525 ree,
1208 4453 1270 4502 eex
1289 4431 1419 4504 aediles
1433 4432 1469 4502 in
1490 4431 1629 4504 civitate
1639 4431 1721 4528 jura
1736 4429 1942 4501 reddebant.

341 4578 377 4670 2)
403 4575 603 4649 Seoundum
629 4575 864 4672 fragmentum
891 4576 1012 4672 Lydus
1039 4575 1121 4674 Gaji
1148 4601 1223 4650 esse
1250 4579 1316 4672 ait,
1348 4604 1392 4651 ex
1419 4580 1493 4674 ejus
1520 4577 1617 4651 libris
1644 4578 1689 4650 ad
1717 4577 1829 4673 legem
1864 4577 1948 4649 duo-

190 4722 304 4794 deoim
330 4725 530 4798 tabularum
556 4725 765 4798 desumturn.
816 4725 979 4798 Ceterum
1012 4728 1121 4798 verba
1153 4729 1231 4823 ejus
1269 4752 1313 4800 en
1339 4727 1571 4826 paragraphis
1598 4727 1767 4823 vigesima
1794 4724 1948 4798 secunda

191 4881 225 4945 et
252 4873 354 4944 tertia
380 4873 466 4969 legis
493 4873 666 4947 secundae
693 4873 735 4946 de
763 4873 895 4970 origine
916 4876 1006 4973 juris
1033 4875 1209 4974 descripta
1235 4899 1311 4948 esse
1338 4875 1513 4948 videntur.

362 5219 396 5298 ¹¹)
420 5219 562 5292 Comma,
592 5219 673 5300 quod
700 5223 731 5279 in
756 5217 940 5278 editionibus
963 5230 1030 5300 post
1053 5217 1221 5302 ὑπουργοί
1242 5223 1373 5300 positum
1396 5221 1524 5299 legitur,
1554 5232 1624 5280 ante
1648 5217 1818 5302 ὑπουργοί
1840 5241 1951 5301 peneu-

194 5353 266 5412 dum
289 5373 354 5414 esse
376 5357 478 5433 itaque
501 5352 635 5424 mutilae,
656 5373 734 5433 quae
758 5352 886 5424 videtur,
910 5353 1032 5412 lectioni
1055 5352 1226 5411 sanandum
1250 5373 1314 5412 esse
1337 5373 1454 5414 censeo.
