4970 6428
633 694 725 792 Lydi
750 695 858 766 verba
884 692 926 788 (I,
954 694 1016 788 26)
1041 691 1129 765 haec
1156 699 1257 763 sunt:
1403 702 1419 834 Ιἶ
1578 693 1838 767 pandectarum
1864 688 1972 759 verba
1997 687 2103 760 baec:

638 848 685 927 ὥς
710 847 745 911 δὲ
770 848 804 910 τό
820 845 1077 932 γαζοφυλάκων
1094 851 1155 908 τοῦ
1176 843 1289 930 δήμου
1311 847 1362 922 εις
1417 781 1419 887 l
1572 842 1708 917 Deinde
1731 864 1812 913 cum
1830 839 2005 911 aerarium
2023 837 2145 935 populi
2163 838 2314 910 auctius

540 1149 623 1231 ὑπὲρ
640 1151 699 1231 τῆς
722 1147 830 1212 αὐτοῦ
844 1144 1031 1228 φροντίδος
1047 1145 1116 1209 ἀπὸ
1132 1147 1191 1226 τῆς
1207 1163 1364 1224 περιποι-
1475 1153 1609 1237 essent
1578 1139 1825 1214 tconstituti
1869 1143 1951 1210 sunt
1981 1143 2105 1232 quaest
2107 1159 2205 1232 oreS,
2241 1135 2312 1229 qul

539 1297 651 1381 ήσεως
675 1296 733 1361 καὶ
754 1299 917 1379 φυλακῆς
952 1300 1014 1358 τῶν
1043 1292 1233 1380 χρημάτων
1255 1291 1363 1371 οὕτως
1474 1290 1644 1390 pecuniae
1681 1293 1900 1386 praeessent,
1934 1285 2017 1358 dicti
2045 1286 2091 1356 ab
2117 1308 2173 1378 eo,
2207 1285 2310 1380 quod

538 1447 803 1533 ὀνομασθέντες.
844 1445 962 1528 ἐπειδή
995 1442 1029 1508 δὲ
1057 1443 1137 1526 περὶ
1170 1447 1364 1526 κοφαλικῆς
1475 1439 1703 1535 inquirendae
1754 1445 1788 1510 et
1774 1433 2092 1507 tconservandae
2131 1432 2311 1530 pecuniae

542 1595 707 1681 τιμωρίας
731 1596 794 1659 οὐκ
816 1597 897 1680 ἐξῆν
921 1597 991 1672 τοῖς
1011 1591 1165 1678 ἄρχουσι
1187 1593 1272 1656 κατὰ
1292 1594 1366 1658 Ῥω-
1476 1611 1584 1660 eausa
1606 1587 1715 1660 creati
1732 1593 1843 1658 erant.
1894 1584 2055 1679 thuia,
2078 1597 2117 1656 ut
2136 1583 2305 1678 diximus,

534 999 691 1064 ἐπίδοσιν
702 991 799 1081 ἦλθε,
812 993 1136 1082 προεχειρίσθησαν
1147 993 1362 1074 κυαίσιωρες
1474 1017 1551 1068 esse
1578 993 1830 1090 coepissetu
1807 995 1988 1062 uttessen
2000 1045 2008 1084 ,
2036 988 2097 1082 qui
2123 987 2176 1059 illi
2200 1010 2313 1084 prae·

540 1745 646 1831 μιιὶου
667 1745 810 1811 πολίτου
835 1743 1075 1826 ψηφίσασθαι,
1097 1741 1368 1826 προεβλήθησαν
1476 1735 1519 1808 de
1555 1735 1669 1832 eapite
1704 1734 1790 1806 civis
1825 1730 2018 1804 Romani
2009 1733 2146 1829 injussu
2180 1729 2307 1828 populi

541 1895 755 1978 κυαίστωρες
779 1894 1004 1978 παρρικίὃιοι,
1029 1891 1154 1956 οἷσαιεὶ
1175 1915 1290 1973 κριται
1310 1892 1368 1956 καὶ
1477 1907 1547 1956 11011
1580 1888 1655 1954 erat
1680 1882 1757 1978 lege
1782 1882 1990 1980 permissum
2019 1881 2255 1954 consulibus
2242 1905 2305 1978 JuS

543 2044 701 2110 δικασταὶ
724 2050 788 2108 ιιόι
809 2043 952 2122 πολίτας
976 2043 1172 2108 αιελοιιωι.
1477 2033 1610 2126 dicere,
1654 2039 1839 2130 propterea
1877 2039 2079 2128 quaestores
2115 2031 2305 2104 constitue·

1422 2270 1425 2307 ι
1478 2182 1606 2252 bantur
1639 2180 1834 2279 apopulo,
1870 2181 1931 2276 qui
1965 2179 2174 2277 capitalibus
2198 2181 2303 2253 rebus

1422 2313 1424 2425 l
1477 2336 1699 2425 praeessent:
1731 2327 1768 2400 hi
1803 2329 2074 2426 appellabantur
2099 2336 2302 2422 quaestores

1372 2507 1379 2522 ·
1422 2442 1424 2523 l
1478 2467 1677 2578 parricidii,
1721 2502 1869 2573 quorum
1907 2478 2012 2550 etiam
2051 2477 2207 2549 meminit
2244 2475 2301 2548 lex

1423 2679 1425 2705 .
1478 2627 1661 2700 duodecim
1686 2627 1898 2700 tabularum.

697 2773 827 2846 Utrum
853 2772 986 2864 ultima,
1014 2797 1104 2867 quae
1130 2774 1267 2869 eLydo
1288 2775 1459 2872 adscripsi
1480 2777 1597 2870 verba,
1623 2773 1704 2872 Gaji
1731 2777 1870 2874 aLydo
1888 2777 1985 2849 citati
2010 2802 2056 2849 an
2085 2778 2193 2874 ipsius
2213 2780 2303 2876 Lydi

549 2924 641 3016 sint,
668 2921 821 2995 dubitari
846 2928 971 3019 potest.
1022 2922 1195 3017 Equidem
1213 2925 1417 3021 propensior
1435 2949 1523 3020 surn,
1552 2931 1591 2997 ut
1609 2927 1715 2998 verba
1742 2925 1803 2999 illa
1819 2927 1920 3024 Lydo
1946 2927 2118 3025 addicam,
2147 2929 2206 3023 qui
2232 2929 2303 3002 alia

549 3095 689 3168 quoque
704 3071 885 3168 complura
909 3071 953 3144 ad
967 3071 1214 3144 illustrandum
1228 3073 1406 3170 parricidii
1427 3099 1552 3148 nomen
1569 3074 1743 3170 attulerit,
1768 3099 1858 3170 quae
1880 3101 1901 3148 a
1923 3075 2013 3173 Gajo
2031 3103 2174 3175 prorsus
2188 3079 2304 3154 aliena

550 3244 627 3292 esse
646 3219 819 3293 videntur.
859 3221 914 3293 Ita
932 3222 1040 3292 rerba
1057 3221 1193 3317 aLydc
1211 3222 1322 3294 relata
1349 3247 1429 3296 eum
1450 3223 1710 3296 Pandectarum
1737 3226 1852 3298 verbis
1875 3251 1984 3324 prope
2006 3229 2242 3322 convenirent,
2264 3253 2304 3302 eo

552 3369 625 3442 solo
640 3377 798 3467 excepto,
814 3372 906 3465 quod
920 3371 1041 3467 Lydus
1056 3371 1185 3467 Gajum
1196 3372 1395 3446 Pandectae
1409 3380 1525 3446 autem
1540 3375 1774 3472 Pomponium
1788 3400 1907 3448 eorum
1922 3386 2101 3450 auctorem
2112 3381 2304 3452 nominant.

702 3523 738 3616 3)
765 3521 923 3594 Tertium
958 3545 1096 3617 quoque
1130 3521 1364 3618 fragmentum
1397 3524 1520 3620 Lydus
1553 3524 1634 3621 Gaji
1661 3549 1737 3597 esse
1763 3526 1830 3621 ait,
1868 3526 1998 3623 Gajum
2024 3529 2117 3600 enim
2141 3536 2227 3618 μετὰ
2249 3535 2306 3618 τήν

555 3683 618 3740 mir
639 3676 863 3758 κυιιισιώρωι
886 3678 943 3760 τήν
964 3676 1189 3760 δεκανὸρικήι
1210 3679 1326 3764 ἀρχὴν
1346 3679 1534 3762 ἀναφέρειν
1554 3675 1614 3747 all.
1654 3675 1816 3749 Ceterum
1844 3677 1921 3750 fons
1947 3678 2134 3775 fragmenti
2159 3705 2180 3752 a
2206 3681 2306 3779 Lydo

554 3821 656 3894 relati
682 3821 927 3918 paragraphus
954 3821 1122 3916 vigesima
1148 3832 1275 3917 quarta
1302 3823 1387 3919 legis
1414 3825 1587 3897 secundae
1609 3826 1652 3898 de
1677 3828 1809 3924 origine
1832 3831 1922 3925 juris
1945 3855 2021 3903 esse
2042 3832 2189 3926 ridetur,
2217 3857 2307 3928 quae

555 3968 818 4068 paragraphum
844 3969 941 4041 illam
967 3969 1172 4065 vigesimam
1198 3973 1336 4045 tertiam
1362 3973 1404 4046 de
1429 3977 1671 4070 quaestoribus
1697 3989 1868 4075 agentem,
1896 4006 2003 4077 quam
2029 3983 2131 4055 modo
2160 4008 2308 4058 comme·

556 4119 701 4213 moravi,
729 4119 870 4216 excipit.

654 4270 745 4366 Lydi
769 4272 876 4378 rerba
902 4269 944 4364 (I,
973 4271 1034 4364 34)
1059 4269 1146 4342 haec
1172 4281 1271 4343 sunt:
1430 4277 1434 4356 l
1584 4277 1846 4352 Pandectarum
1873 4284 1981 4354 verba
2006 4281 2093 4356 haec
2120 4291 2219 4355 sunt:

657 4425 789 4505 πολλοῖς
813 4422 847 4486 δὲ
872 4422 1075 4507 οιφιχύοιως
1092 4431 1155 4488 rotz·
1177 4424 1299 4511 νόμων,
1321 4421 1377 4491 οἱα
1584 4427 1630 4498 Ε1
1666 4451 1745 4500 cum
1784 4429 1991 4527 placuisset,
2033 4432 2126 4528 leges
2170 4457 2309 4530 quoque

555 4570 604 4655 μή
633 4568 814 4656 γράμμασι
844 4571 1062 4656 τεθειμένων,
1093 4576 1163 4652 τοῖς
1196 4575 1378 4661 πράγμασι
1485 4575 1577 4670 ferri,
1604 4574 1714 4648 latum
1740 4586 1793 4648 est
1816 4577 1862 4651 etl
1892 4579 2077 4678 populum,
2112 4583 2163 4654 ull
2190 4607 2309 4655 omnes

555 4719 736 4803 γινομένης
771 4724 809 4783 ἐκ
842 4727 901 4803 τῆς
935 4727 1000 4784 τῶν
1031 4721 1292 4807 ιίρχόι·ιωι··κ(ιὶ
1320 4729 1379 4790 τοῦ
1486 4726 1694 4822 magistratu
1719 4751 1755 4796 se
1782 4727 1999 4819 abdicarent,
2028 4753 2096 4823 quo
2123 4730 2309 4804 decemviri

557 4865 669 4952 δήμου
685 4868 870 4951 διαφοράς,
888 4867 1030 4955 δόγματι
1044 4879 1149 4953 κοινῷ
1165 4879 1224 4954 τῆς
1248 4877 1378 4960 βουλῇς
1488 4877 1665 4948 constituti
1692 4901 1784 4950 anno
1810 4903 1880 4950 uno
1908 4935 1915 4949 .
1945 4936 1952 4951 .
1980 4935 1988 4950 .
2018 4935 2025 4950 .

557 5016 615 5081 καὶ
639 5022 697 5082 rori
718 5017 830 5102 δήμου
844 5017 968 5098 πάντες
982 5020 1046 5104 μὲν
1067 5025 1100 5083 οἰ
1121 5019 1289 5106 ἂρχοιιις
1312 5025 1379 5089 ἐκι-

558 5164 724 5248 νήθηοάι,
748 5166 829 5230 δέκα
845 5165 880 5230 δὲ
893 5166 1015 5252 μόνοις
1037 5169 1185 5255 ιίιί1ράιιι
1201 5175 1257 5257 rep·
1273 5198 1380 5257 φρον-

560 5315 632 5380 rld'cr
656 5324 713 5400 τῆς
736 5317 910 5398 πολιτείοις
932 5317 1138 5402 :rapidorum
