4970 6428
1068 529 1088 588 9

348 713 504 786 Dubium
528 721 590 808 est,
618 719 735 786 utrum
756 715 832 810 jam
858 716 964 787 verbo
991 717 1188 803 παρέδοσαν
1215 715 1296 812 Gaji
1322 715 1555 810 fragmentum
1583 738 1604 786 a
1630 715 1730 811 Lydo
1756 715 1952 788 exhibitum

193 863 359 958 finiatur,
396 888 441 936 an
467 888 509 936 ea
535 887 692 960 quoque,
729 888 819 960 quae
853 865 948 962 apud
974 865 1114 962 Lydum
1141 871 1343 960 sequuntur,
1371 863 1526 956 ejusdem
1553 863 1635 960 Gaji
1660 861 1845 959 fragmenti
1872 864 1952 936 sint.

194 1012 437 1086 Verisimilins
464 1021 526 1109 est,
555 1013 637 1110 Gaji
661 1013 895 1110 fragmentum
931 1014 990 1087 illo
1025 1017 1131 1087 verbo
1161 1015 1263 1086 finiri.
1315 1013 1456 1106 Eorum,
1484 1035 1574 1108 quae
1601 1021 1804 1108 sequuntur,
1833 1013 1953 1110 Lydus

194 1163 330 1236 fontem
357 1164 549 1260 generatim
575 1161 754 1236 historiam
782 1164 957 1257 nominat,
985 1172 1019 1234 et
1053 1163 1191 1256 insunt,
1219 1163 1333 1258 inquit
1358 1161 1527 1234 Huschke
1544 1161 1598 1255 ἢ,
1636 1161 1834 1258 complura,
1862 1185 1952 1257 quae

196 1312 406 1414 Gajuslhoc
433 1313 536 1386 modo
561 1313 621 1384 vix
644 1312 781 1384 dixerit.

352 1461 579 1558 Praecipuae,
608 1483 698 1556 quae
724 1460 814 1534 inter
831 1462 923 1558 Lydi
946 1462 1274 1558 Pandectarumque
1299 1461 1494 1556 fragmenta
1519 1461 1671 1552 exstant,
1699 1457 1954 1556 discrepantiae

197 1609 269 1682 hae
297 1617 396 1682 sunt:

355 1757 393 1858 1)
421 1760 528 1858 Apud
554 1761 693 1856 Lydum
719 1761 935 1858 Pomponius
962 1761 1053 1834 solos
1081 1769 1158 1835 octo
1184 1769 1361 1859 praetores
1395 1761 1430 1831 in
1466 1759 1604 1832 civitate
1639 1759 1848 1831 remansisse
1887 1759 1953 1854 ait;

199 1916 326 1982 contra
351 1909 388 1980 in
414 1909 606 1982 Pandcctis
632 1909 752 1982 decem
779 1917 812 1980 et
838 1917 915 1983 octo
943 1919 1120 2008 praetores
1147 1911 1182 1983 in
1209 1911 1349 1984 civitate
1369 1911 1451 2006 jura
1480 1909 1669 1981 reddidisse
1697 1915 1954 1982 commemorat.

361 2060 398 2152 2)
424 2057 567 2130 Alteras
602 2081 732 2152 easque
767 2057 876 2130 multo
911 2059 1061 2154 majores
1092 2059 1313 2132 difficultates
1349 2057 1498 2130 afferunt
1532 2057 1654 2150 recha,
1682 2057 1809 2151 quibus
1835 2055 1956 2152 Lydus

201 2204 408 2277 relationem
435 2229 534 2276 suam
560 2205 747 2277 concludit.
799 2205 851 2277 Ea
877 2207 986 2279 verha
1012 2207 1099 2280 haec
1125 2216 1224 2279 sunt:

349 2363 452 2423 ταῦτα
474 2360 492 2422 ὁ
513 2358 737 2444 Πομπώνιος,
762 2361 809 2439 ὠς
833 2359 934 2438 ἔοικε,
959 2360 1153 2443 τόπλῆθος
1176 2358 1413 2424 minutatim·
1445 2367 1505 2443 τῆς
1528 2359 1683 2443 ἱστορίας
1707 2359 1894 2444 ‹l'tcrcpuyairu
1939 2361 1957 2424 ὁ

201 2512 239 2597 γὲ
261 2513 331 2596 μήν
355 2512 553 2589 Οὐλπιανὸς
576 2514 612 2574 ἐν
638 2513 709 2588 τοῖς
743 2511 1050 2598 προγραφομένοις
1080 2509 1404 2593 προτριβοννολιόις
1435 2511 1645 2592 λοπτονὲρως
1678 2513 1757 2588 τοὺς
1791 2509 1870 2592 περὶ
1895 2513 1959 2573 τοῖν

201 2659 410 2743 πραιτώριον
432 2660 592 2746 διεξῆλθε
616 2659 749 2744 λόγους,
769 2662 848 2740 τούς
864 2660 927 2746 μὲν
943 2657 1194 2740 τουτολαρίονς,
1217 2661 1296 2738 τούς
1316 2658 1350 2722 ‹l'e'
1370 2659 1748 2744 φοὸοικομμιοοοριόος
1772 2659 1957 2745 ὀνομάζων·

204 2803 252 2876 ὧν
273 2811 367 2898 ἅπαξ
389 2810 625 2898 σχολαζόντων
648 2813 690 2877 οὐ
713 2813 868 2877 συνεῖδον
887 2813 1096 2898 μνησθῆναι.

354 2957 421 3046 Qui
446 2965 519 3030 tam
540 2957 664 3030 diffuse
682 2959 816 3032 variam
835 2958 1050 3055 singulorum
1068 2965 1267 3055 praetorum
1285 2957 1453 3053 originem
1470 2957 1770 3050 demonstraverit,
1798 2965 1836 3028 ut
1853 2957 1958 3030 Pom-

202 3107 330 3203 ponius
355 3107 392 3178 in
419 3106 494 3202 lege
519 3107 673 3178 secunda
699 3107 742 3179 de
767 3106 900 3201 origine
922 3107 1023 3203 juris,
1050 3106 1204 3178 vindici
1230 3114 1344 3204 potest
1381 3114 1416 3174 το·
1446 3113 1582 3196 ,πλῆθος
1621 3111 1679 3176 καὶ
1709 3111 1866 3176 ποικίλοι·
1897 3115 1956 3196 τῆς

203 3261 361 3342 ἰο-νοοίης
391 3261 582 3346 διαφυγεῖν.
641 3256 741 3344 Quod
777 3257 937 3329 tutelaris
977 3258 1147 3353 praetoris
1187 3256 1404 3351 aliorumque
1441 3267 1519 3355 post
1552 3258 1644 3330 hunc
1684 3257 1960 3330 introductorum

204 3413 403 3502 praetorum
423 3406 633 3478 mentionem
658 3429 729 3477 non
747 3403 838 3496 lecit,
867 3407 898 3477 ei
926 3407 1112 3503 opprobrio
1137 3429 1212 3478 esse
1238 3429 1308 3478 non
1326 3414 1450 3503 potest,
1478 3406 1537 3500 qui
1557 3412 1638 3477 ante
1657 3405 1734 3477 illos
1754 3406 1960 3479 constitutos

204 3554 342 3626 vixerit.
394 3555 451 3626 Ex
486 3537 633 3652 Ulpiani
666 3553 966 3652 protribunalibus
1001 3554 1111 3626 multa
1143 3553 1338 3649 fragmenta
1381 3555 1416 3626 in
1452 3553 1650 3627 Pandectas
1688 3561 1826 3651 recepta
1867 3549 1958 3648 sunt,

204 3703 342 3775 nullum
367 3727 449 3775 vero
473 3711 597 3797 exstat,
625 3704 660 3775 in
683 3727 752 3798 quo
770 3704 813 3777 de
832 3703 979 3799 singulis
997 3702 1215 3800 praetoribus
1234 3702 1395 3775 subtilius
1420 3702 1621 3774 disseratur.
1673 3701 1819 3798 Ipsosne
1837 3701 1959 3798 Lydus

205 3853 354 3950 Ulpiani
379 3853 421 3925 de
449 3853 609 3926 omnibus
633 3852 868 3925 tribunalibus
895 3853 1002 3925 libros
1029 3852 1122 3949 legit,
1151 3876 1196 3923 an
1223 3851 1363 3924 aliunde
1391 3852 1569 3922 scientiam
1607 3873 1706 3923 suam
1732 3850 1876 3922 hausit?
1918 3849 1961 3922 Id

201 4002 277 4097 jam
303 4004 349 4075 ab
375 4002 472 4075 initio
498 4027 561 4100 pro
588 4008 681 4075 certo
708 4001 875 4075 affirmari
901 4008 1024 4100 potest,
1053 4001 1208 4074 codicem
1234 4009 1391 4074 nostrum
1419 4001 1660 4073 Florentinum
1695 4023 1765 4072 non
1792 4024 1832 4072 eo
1864 4024 1960 4072 men·

206 4152 330 4225 dosum
357 4175 443 4246 esse,
471 4151 564 4245 quod
589 4149 861 4248 inscriptionem,
889 4175 979 4246 quae
1005 4151 1222 4246 indicaverit,
1250 4149 1510 4248 paragraphum
1541 4152 1585 4220 32
1619 4151 1705 4246 legis
1739 4153 1760 4219 2
1796 4149 1839 4222 de
1865 4148 1907 4222 O.
1925 4147 1960 4236 J,

205 4301 353 4398 Ulpiani
385 4323 478 4390 esse,
506 4300 649 4395 exejus
676 4299 1217 4392 Protribunalihusdesumtam,
1247 4299 1446 4396 perdiderit.
1504 4299 1690 4396 Pomponii
1724 4298 1828 4370 istam
1858 4321 1960 4395 para-

206 4448 379 4547 graphum
404 4471 492 4542 esse,
519 4448 575 4520 vel
602 4455 693 4521 certe
720 4448 907 4545 Pomponii
934 4448 1103 4542 aequalis,
1129 4455 1269 4544 praetor
1293 4446 1452 4518 tutelaris
1479 4447 1638 4520 allarco
1661 4445 1806 4518 Aurelio
1833 4445 1960 4517 consti-

206 4607 302 4669 tutus
340 4598 376 4668 in
416 4597 637 4695 paragrapho
673 4597 739 4670 ista
774 4621 844 4670 non
875 4597 1075 4669 nominatus
1110 4597 1253 4692 probat,
1295 4619 1397 4689 quem
1433 4596 1478 4666 ab
1503 4593 1659 4690 Ulpiano
1697 4591 1961 4665 commemorari

207 4745 329 4843 Lydus
357 4747 416 4819 ait.

208 5028 315 5036 ιφ..-
350 5030 419 5034 ——
425 5029 522 5034 -—--—-
529 5029 540 5034 -
558 5029 740 5035 ———-———

377 5239 414 5324 ¹²)
436 5241 473 5302 cl.
496 5241 647 5315 Huschke,
671 5239 922 5321 Jurisprudentie
945 5242 1194 5320 antejuatiniana.
1238 5237 1296 5298 Ed.
1321 5239 1376 5298 Ill.
1401 5261 1429 5318 p.
1459 5240 1529 5300 385.
1552 5247 1612 5299 not.
1641 5245 1667 5299 l.
1711 5237 1857 5310 Dirkscn,
1888 5237 1961 5298 Ver·

208 5375 334 5444 mischtc
357 5375 519 5434 Schriften.
544 5374 567 5436 l.
596 5395 624 5454 p.
650 5377 698 5434 57.

1817 5487 1834 5542 2
