4970 6428
1006 521 1149 620 *qr-1—

201 728 410 828 appellatus,
437 728 573 822 quibis
600 726 722 802 consul
748 733 784 796 et
809 749 931 798 censor
964 731 1000 795 et
1030 721 1187 821 pontifex
1213 723 1388 796 maximus
1413 722 1496 818 fuit,
1524 725 1622 822 cujus
1648 724 1816 797 eximium
1841 726 1955 823 ponti-

200 879 271 952 ficii
297 885 331 952 et
356 877 467 950 civilis
494 876 584 974 juris
620 876 773 948 studium
808 873 930 948 Oioero
965 874 1150 968 laudato),
1187 881 1287 972 patre
1323 871 1433 946 multo
1466 872 1635 948 illustrior
1667 872 1774 946 fuisse
1805 873 1953 946 videtur.

201 1029 294 1102 Eum
320 1051 434 1122 neque
460 1026 572 1124 Gajus
598 1049 713 1122 neque
738 1025 953 1123 Pomponius
983 1049 1097 1121 neque
1135 1024 1250 1120 quivis
1275 1023 1367 1096 elius
1393 1022 1575 1096 Romarm
1595 1022 1866 1120 jureconsultus,
1894 1023 1955 1118 qui

201 1179 317 1252 claros
343 1185 478 1250 veteres
503 1175 759 1274 jureconsultos
786 1175 1013 1268 enumeravit,
1040 1174 1272 1272 praeteriisse,
1301 1181 1363 1246 aut
1379 1195 1401 1244 a
1418 1180 1518 1270 patre
1544 1195 1617 1246 non
1640 1172 1726 1246 satis
1752 1172 1956 1246 distinxisse

201 1327 398 1402 censendus
424 1335 487 1399 est.
540 1327 674 1400 Verum
700 1325 960 1398 Pandectarum
995 1325 1244 1422 compositores
1273 1331 1415 1420 recepta
1440 1320 1523 1418 Gaji
1558 1321 1602 1394 de
1627 1321 1789 1420 Scipione
1822 1321 1956 1396 Nasica

160 1565 172 1580 r
202 1485 302 1574 patre
329 1476 497 1550 relatione
523 1475 726 1574 Scipionum
752 1475 886 1548 nomini
916 1475 1001 1546 satis
1026 1473 1149 1546 fecisse
1174 1480 1398 1571 putaverunt,
1425 1479 1595 1569 patreque
1627 1471 1810 1544 clariorem
1833 1471 1955 1566 filium,

202 1649 307 1722 quern
330 1625 443 1723 patris
467 1624 578 1697 filium
604 1645 717 1718 neque
743 1623 859 1720 ipsum
883 1631 1020 1719 patrem
1047 1645 1123 1694 esse
1149 1620 1409 1717 ignoraverunt,
1437 1619 1574 1692 silentio
1599 1619 1865 1716 praeterierunt.

353 1773 395 1846 In
423 1776 443 1868 ξ
470 1775 517 1844 42
545 1772 629 1870 Gaji
651 1794 864 1870 praenomen
889 1771 1056 1843 Juventio
1083 1769 1312 1876 adscribitur,
1344 1769 1402 1842 cui
1427 1769 1507 1841 'lito
1532 1791 1745 1866 praenomen
1780 1767 1888 1842 fauisse
1911 1770 1957 1842 ab

202 1922 283 1994 aliis
309 1921 476 1994 traditum
503 1919 627 2014 est⁸⁵).·
668 1918 852 1991 Difficilior
875 1918 933 1992 hic
958 1919 1056 1992 locus
1082 1920 1267 2014 minusque
1283 1919 1490 2016 perspicuus
1506 1927 1570 2013 est,
1598 1943 1705 2014 quem
1730 1920 1751 2014 ς
1774 1919 1840 2014 34;
1867 1929 1957 1994 etta·

203 2093 285 2142 men
312 2069 369 2142 hio
405 2093 544 2166 quoque
570 2093 641 2142 non
667 2068 807 2162 dubito,
845 2069 931 2163 quin
955 2069 1062 2140 verbo
1089 2065 1201 2164 Gajus
1224 2090 1354 2140 novum
1379 2065 1614 2164 fragmentum
1641 2068 1795 2166 incipiat.
1847 2071 1957 2144 Pare-

202 2219 338 2317 grapho
364 2221 411 2290 42
438 2219 546 2292 Mucii
572 2217 748 2290 auditores
774 2217 971 2314 complures
994 2216 1101 2290 fuisse
1118 2217 1278 2312 traditum,
1305 2216 1366 2289 sed
1383 2217 1594 2315 praecipuae
1611 2219 1828 2292 auctoritatis
1845 2221 1958 2316 Aqui·

203 2371 290 2442 lium
316 2367 478 2463 Gallum,
506 2367 691 2460 Lucilium,
719 2367 911 2465 Papirium,
938 2355 1153 2460 Jnirentium,
1182 2366 1272 2438 inter
1296 2365 1360 2440 hos
1384 2373 1501 2439 autem
1527 2365 1671 2440 Gallum
1697 2367 1873 2440 maximae
1895 2389 1958 2440 au·

203 2519 376 2592 ctoritatis
411 2516 505 2614 apud
539 2516 707 2614 populum
742 2515 859 2588 luisse.
911 2518 1020 2616 Apud
1055 2539 1243 2612 quemnam
1277 2539 1359 2590 vero
1395 2517 1455 2590 alii
1494 2518 1704 2616 praecipuae
1740 2520 1957 2594 auctoritatis

202 2667 370 2743 fuerunt?
422 2668 558 2740 Forsan
592 2665 671 2761 quis
705 2667 817 2738 dicat:
854 2667 948 2764 apud
971 2675 1104 2740 ceteros
1125 2665 1401 2763 jureconsultos3
1428 2666 1484 2737 vel
1510 2689 1631 2740 omnes
1657 2667 1799 2762 quidem
1823 2670 1958 2766 prasoi-

167 2891 169 2898 .
203 2841 307 2915 puae,
333 2816 478 2890 Gallum
503 2823 621 2887 autem
647 2815 821 2888 maximae
842 2817 1059 2889 auctoritatis
1084 2817 1177 2915 apud
1199 2814 1368 2913 populum
1392 2815 1510 2888 firissc.
1562 2817 1631 2889 Sed
1653 2817 1820 2891 alterutro
1845 2823 1958 2919 posito

204 2967 246 3061 is,
275 2967 374 3062 cujus
400 2971 453 3038 est
479 2967 499 3060 ᾖ
525 2967 572 3036 42
599 2965 660 3035 vix
686 2963 976 3061 vituperationem
1008 2965 1238 3038 inconcinnae
1268 2964 1429 3038 dictionis
1456 2966 1720 3062 subterfugeret.
1771 2969 1859 3042 Mihi
1882 2972 1958 3067 qui·

204 3117 286 3188 dem
311 3115 420 3188 multo
445 3114 667 3187 verisimilius
693 3114 839 3208 videtur,
866 3137 945 3187 eum
971 3112 1269 3210 jureconsultum,
1306 3113 1404 3210 cujus
1431 3121 1484 3185 est
1506 3114 1644 3186 initium
1669 3115 1884 3214 paragraphi
1909 3119 1957 3190 42

206 3269 299 3342 solos
326 3265 489 3360 Gallum,
525 3263 718 3352 Lucilium,
757 3264 956 3360 Papirium,
993 3263 1054 3358 qui
1088 3262 1298 3360 praecipuae
1323 3262 1541 3336 auctoritatis
1561 3264 1793 3360 jureconsulti
1818 3267 1956 3360 luerint,

205 3417 416 3508 nominasse,
446 3413 576 3510 Gajum
602 3421 718 3486 autem
746 3413 876 3487 alicubi
899 3435 1019 3485 omnes
1045 3411 1154 3486 Mucii
1178 3411 1365 3506 auditores,
1393 3413 1662 3508 enumeravisse,
1690 3417 1959 3489 enumerationi-

205 3587 275 3658 que
300 3563 481 3660 adjecisse,
507 3563 683 3634 maximae
709 3563 799 3635 inter
825 3575 954 3633 omnes*
971 3557 1065 3658 apud
1089 3559 1258 3658 populum
1283 3562 1500 3634 auctoritatis
1531 3562 1638 3636 firisse
1664 3565 1846 3659 Aquilium
1873 3564 1958 3638 Gal·

206 3713 290 3784 lum.
342 3710 601 3784 Pendectarum
636 3711 883 3808 compositores
917 3720 1082 3807 excerpto
1108 3709 1251 3782 alterius
1277 3710 1377 3782 istius
1405 3711 1636 3807 jureconsulti
1669 3713 1878 3811 t'ragrnento,
1914 3741 1959 3790 ne

205 3859 392 3934 Juvcutius
431 3859 667 3932 innominatus
705 3859 978 3954 relinqueretur,
1014 3858 1248 3954 fragmentum
1282 3883 1300 3930 e
1339 3859 1430 3957 Gajo
1468 3860 1666 3933 desumtum
1706 3864 1958 3938 subrexerunt.

205 4009 381 4107 Exempla
404 4009 485 4083 talis
511 4019 672 4083 texturae
697 4009 866 4107 pleraque
892 4009 928 4080 in
954 4006 1143 4080 Pandeotis
1172 4015 1324 4080 exstant.
1375 4007 1561 4106 Inscriptio
1595 4010 1740 4083 secundi
1772 4009 1960 4106 fragmenti

205 4159 280 4232 solo
308 4157 389 4254 Gaji
423 4159 562 4232 nomine
597 4158 716 4231 relicto
752 4157 944 4252 intercidit,
980 4157 1097 4252 itaque
1131 4157 1168 4229 in
1202 4157 1330 4231 nostris
1365 4156 1463 4230 libris
1497 4159 1744 4256 manuscriptis
1777 4171 1873 4233 ortus
1906 4167 1960 4234 est

206 4305 319 4402 Gajus
344 4305 542 4398 luventius,
569 4314 674 4400 atque
701 4305 834 4378 exstitit
859 4306 948 4378 mira
975 4305 1036 4377 illa
1061 4305 1241 4403 perplexio
1268 4305 1439 4379 dictionis.

358 4451 488 4524 Similis
514 4451 672 4525 condicio
708 4462 762 4524 est
794 4452 1008 4550 paragraphi
1042 4457 1100 4524 44.
1160 4453 1421 4528 Enumerantur
1454 4455 1566 4529 Servii
1600 4456 1745 4555 Sulpicii
1783 4457 1960 4530 auditores

206 4601 436 4673 celeberrimi.
486 4601 541 4672 lla
570 4601 784 4674 enumeratio
808 4601 863 4674 his
890 4603 1007 4674 verbis
1032 4602 1282 4675 introducitur:
1309 4605 1355 4676 ab
1372 4603 1438 4676 hoo
1464 4605 1605 4702 plurimi
1631 4606 1861 4704 proleoemnt,
1888 4605 1960 4679 fere

205 4757 323 4822 tamon
359 4749 395 4821 hi
433 4748 540 4822 libros
575 4751 875 4847 conscripserunt,
912 4763 1105 4846 sequuntur
1138 4751 1299 4824 undecim
1328 4753 1647 4848 jureconsultorum
1675 4754 1835 4850 nomina,
1869 4754 1960 4826 inter

204 5041 741 5049 Ἣ

376 5243 415 5324 ⁶⁴)
439 5244 477 5303 cf.
501 5243 620 5318 Cicero,
642 5247 762 5317 Brutus,
787 5248 837 5306 20.
860 5245 880 5325 ξ
901 5245 948 5309 79.
993 5243 1070 5306 Ceto
1092 5249 1199 5325 major,
1225 5254 1271 5312 14,
1295 5247 1314 5325 ξ
1337 5251 1386 5308 50.

376 5381 416 5456 ⁸⁵)
439 5377 477 5436 cf.
502 5375 619 5452 Cicero,
641 5378 764 5452 Brutus,
787 5383 838 5440 48.
861 5379 881 5459 ξ
905 5383 973 5442 178.
