4970 6428
1416 512 1435 571 2

1350 598 1491 606 .-———

691 715 726 788 Is
751 716 787 787 in
814 715 936 813 primo,
965 713 1134 808 quamde
1160 713 1422 809 magistratibus
1449 710 1570 810 populi
1597 711 1747 783 Romani
1774 709 1929 808 scripsit,
1957 709 2045 782 libro
2074 709 2184 782 tribus
2212 709 2304 781 locis

466 823 468 827 Ι
499 829 501 832 ¹
542 865 781 939 Romanorum
800 861 1120 959 jureconsultorum
1143 862 1338 958 fragmenta
1364 885 1488 957 graece
1517 884 1619 932 versa
1645 859 1763 952 affert,
1802 883 1892 954 quae
1926 859 2046 932 itidem
2077 859 2114 931 in
2142 857 2218 956 lege
2245 881 2303 930 se-

541 1016 658 1090 cunda
683 1015 725 1087 de
752 1013 884 1110 origine
908 1012 997 1109 juris
1024 1011 1197 1107 leguntur.
1249 1010 1299 1081 At
1333 1033 1442 1081 uumn
1476 1016 1612 1082 tantum
1643 1007 1768 1080 horum
1802 1007 2075 1105 fragmentorum
2102 1010 2302 1108 Pomponio

541 1165 680 1258 tribuit,
708 1162 819 1236 altera
845 1161 914 1235 duo
939 1160 1022 1256 Gaji
1051 1183 1126 1232 esse
1151 1158 1199 1232 ait
1224 1181 1269 1229 err
1295 1159 1370 1254 ejus
1405 1155 1493 1229 libro
1525 1156 1637 1253 primo
1664 1155 1709 1227 ad
1737 1155 1849 1252 legem
1882 1155 2065 1230 duodecim
2096 1159 2301 1232 tabularum

541 1309 714 1385 desumta.
1373 1297 1377 1302 ¹
1543 1291 1547 1298 ⁵

693 1461 879 1533 Erravitne
905 1457 1046 1555 Lydus,
1074 1457 1134 1553 qui
1160 1457 1196 1528 in
1222 1455 1428 1528 exhibendis
1454 1465 1611 1527 veterum
1632 1453 1952 1550 jureconsultorum
1978 1453 2063 1528 locis
2094 1456 2177 1529 solis
2203 1457 2299 1530 Pan·

540 1611 650 1683 deotis
676 1633 760 1681 usus
786 1608 840 1679 bis
865 1606 1100 1702 fragmentum
1126 1604 1268 1700 aliquod
1290 1604 1383 1677 tituli
1408 1604 1451 1676 de
1476 1605 1608 1700 origine
1629 1604 1720 1700 juris
1744 1605 1984 1703 exscripturus
2010 1604 2185 1679 secundae
2211 1606 2297 1702 legis

542 1759 804 1856 inscriptionem
829 1755 1108 1855 praeterriderit,
1144 1761 1323 1850 totumque
1359 1755 1497 1828 titulum
1524 1779 1568 1827 ex
1600 1754 1682 1851 Gaji
1708 1754 1796 1827 libro
1823 1755 1935 1852 primo
1962 1754 2007 1826 ad
2034 1754 2219 1828 duodecim
2245 1762 2298 1827 ta-

542 1906 643 1979 bulas
669 1906 866 1979 desumtum
893 1929 968 1978 esse
995 1912 1136 2002 propter
1162 1904 1295 2001 primae
1321 1902 1407 2000 legis
1433 1904 1695 2002 inscriptionem
1716 1903 1804 1977 falso
1822 1904 2038 1998 existimans,
2065 1905 2103 1976 in
2125 1904 2213 1978 libro
2234 1929 2298 1978 suo

541 2054 773 2152 fragmentum
800 2054 886 2126 illud
921 2053 1091 2125 immerito
1118 2051 1208 2149 Gajo
1242 2053 1491 2151 adscripserit?
1506 2056 1528 2148 1)
1579 2055 1640 2126 An
1669 2055 1770 2150 Lydo
1801 2053 1942 2150 quidem
1968 2055 2036 2152 ipsi
2057 2053 2298 2128 Romanorum

535 2205 855 2302 jureconsultorum
889 2203 969 2276 libri
1003 2203 1133 2298 cogniti
1158 2209 1273 2296 erant,
1300 2225 1345 2272 ex
1370 2201 1482 2296 iisque
1507 2201 1593 2298 ipsis
1619 2201 1814 2298 fragmenta
1841 2225 1904 2273 sua
1929 2201 2057 2296 hausit,
2085 2209 2121 2273 at
2153 2202 2299 2274 inextri-

543 2353 647 2427 cabili
672 2351 789 2448 aliquo
815 2377 930 2426 errore
958 2353 1131 2446 seductus,
1160 2350 1291 2447 Gajum
1317 2376 1396 2423 curn
1423 2353 1618 2450 Pomponio
1650 2351 1941 2445 commutavitf²j
1991 2352 2053 2423 An
2078 2352 2171 2448 Lydi
2204 2353 2298 2426 Pau-

545 2503 794 2597 deotarumque
829 2503 1025 2598 fragmento
1059 2500 1170 2573 altera
1204 2524 1326 2572 revera
1351 2523 1396 2571 ex
1423 2499 1534 2595 Gajo,
1570 2499 1681 2571 altera
1711 2523 1755 2571 ex
1782 2499 1976 2596 Pomponio
2003 2509 2184 2597 excerpta,
2220 2502 2297 2574 ideo

545 2653 635 2724 inter
661 2678 697 2724 se
724 2651 953 2746 conveniunt,
989 2651 1083 2747 quod
1116 2650 1228 2747 Gajus
1254 2649 1550 2746 Pomponiusque
1584 2648 1707 2720 iisdem
1741 2647 1812 2720 fere
1846 2649 1961 2720 verbis
1988 2648 2111 2721 eadem
2133 2636 2173 2722 in
2200 2650 2299 2723 libris

546 2803 617 2876 suis
644 2801 834 2896 retulerint,
861 2799 950 2873 alter
976 2801 1124 2872 alterum
1151 2798 1335 2872 relambo
1362 2797 1502 2869 tertium
1529 2797 1681 2892 aliquem
1707 2798 1864 2894 ignotum
1891 2798 2095 2895 scriptorem
2122 2798 2258 2871 secuti?
2273 2803 2299 2893 ³)

545 2954 605 3024 An
630 2975 713 3023 vero
739 2957 811 3023 tota
838 2950 895 3023 lex
922 2949 1075 3023 secunda
1101 2949 1144 3020 de
1161 2947 1294 3044 origine
1315 2946 1407 3043 juris
1433 2969 1547 3040 neque
1573 2943 1664 3042 Graji=
1681 2969 1794 3040 neque
1820 2946 2016 3044 Pomponii,
2043 2970 2158 3042 neque
2185 2947 2299 3043 cujus-

545 3100 599 3171 vis
625 3096 714 3170 alius
742 3097 867 3168 ueteris
888 3095 1118 3193 jureconsulti
1154 3106 1220 3192 est,
1257 3095 1318 3168 sed
1345 3096 1390 3167 ab
1416 3094 1502 3192 ipsis
1528 3094 1789 3167 Pandectarum
1824 3096 2112 3192 compositoribus
2140 3097 2298 3192 conficta,

545 3249 607 3344 qui
632 3249 677 3319 ab
703 3247 787 3344 ipsis
814 3246 1011 3350 mutilatam
1036 3255 1070 3321 et
1096 3247 1310 3320 conscissam
1327 3245 1512 3342 Pomponii
1538 3243 1775 3316 narrationem
1800 3243 1990 3340 interjectis
2016 3243 2164 3317 aliorum
2191 3245 2300 3342 serip-

545 3403 660 3468 torum
684 3396 889 3492 fragmentis
915 3393 1184 3491 resarserint?⁴)
1234 3398 1294 3468 An
1328 3394 1478 3490 denique
1504 3400 1592 3486 tota,
1630 3417 1720 3488 quae
1756 3393 1845 3464 inter
1874 3393 2015 3489 Lydum
2042 3401 2076 3466 et
2100 3393 2299 3466 Paudeotas

546 3553 684 3618 exstare
711 3544 857 3639 videtur,
885 3545 1120 3642 discrepantia
1145 3544 1376 3641 negligentiae
1403 3543 1539 3616 librarii
1564 3544 1713 3640 alicujus
1740 3545 1915 3616 debetur?
1976 3615 1978 3620 .

695 3694 753 3766 Ad
788 3693 852 3766 has
879 3695 1099 3790 quaestiones
1134 3701 1226 3766 recte
1261 3694 1503 3791 dijudicandas
1542 3703 1622 3766 ante
1659 3694 1776 3766 onmia
1813 3694 2048 3766 necessarium
2074 3693 2212 3765 videtur
2238 3717 2299 3765 ex-

546 3846 721 3939 aminare,
758 3852 875 3916 utrum
900 3844 1021 3940 Lydus
1055 3843 1251 3940 fragmenta
1284 3843 1351 3916 ista
1385 3867 1429 3916 ex
1459 3843 1544 3941 ipsis
1570 3851 1728 3914 veterum
1748 3841 2069 3937 jureconsultorum
2095 3839 2212 3929 libris,
2255 3865 2300 3914 au

690 4077 696 4090 ·
716 4125 738 4206 ¹)
763 4125 800 4186 cf.
825 4125 977 4196 Huschke,
1000 4124 1250 4204 Jurisprudentia
1272 4124 1522 4202 antejustiuiaua.
1566 4121 1625 4180 Ed.
1648 4121 1705 4180 Ill.
1729 4143 1759 4201 p.
1783 4123 1851 4181 385.
1874 4133 1935 4183 not.
1963 4130 1989 4181 1.

713 4259 739 4342 2)
763 4262 799 4320 cf.
823 4260 950 4326 Puohta,
974 4259 1197 4318 Institutionen.
1241 4256 1264 4319 l.
1288 4257 1308 4335 ξ
1334 4259 1401 4318 104.
1423 4265 1485 4317 not.
1509 4277 1537 4318 u.

714 4394 737 4472 ⁸)
761 4393 896 4453 Niebuhr
918 4395 1099 4472 suspicatur,
1122 4392 1322 4471 Pomponium
1345 4389 1522 4448 relationem
1546 4407 1633 4447 suam
1659 4408 1696 4447 ex
1724 4385 1796 4466 Gaji
1822 4387 1909 4446 libris
1937 4386 1974 4445 ad
1998 4386 2155 4446 duodecim
2179 4387 2301 4446 tabulas

547 4530 743 4608 excerpsisse.
787 4527 824 4589 ef.
849 4525 1000 4596 Niebuhr,
1023 4523 1184 4583 Romische
1206 4521 1386 4583 Geschichte
1408 4521 1432 4583 Ι.
1456 4543 1485 4601 p.
1509 4523 1578 4582 292.
1603 4523 1672 4581 293.
1696 4530 1757 4580 not.
1782 4524 1851 4582 691.
1886 4521 2046 4601 11.p.1·2.
2091 4520 2239 4590 Simonis,
2268 4523 2299 4578 in

548 4660 601 4720 der
624 4660 788 4720 deutschen
812 4657 1039 4736 Uebersetzung
1061 4658 1113 4716 des
1137 4657 1255 4736 Corpus
1273 4657 1353 4734 juris
1375 4655 1483 4714 civilis.
1527 4655 1551 4712 Ι.
1574 4677 1603 4734 p.
1621 4657 1689 4716 240.
1713 4664 1774 4713 not.
1797 4657 1845 4715 47.
1889 4655 2004 4714 Contra
2028 4653 2127 4732 Hugo,
2151 4645 2301 4712 remische

548 4792 843 4872 Rechtsgeschichte.
887 4791 945 4851 Ed.
966 4790 1024 4849 Xl.
1049 4813 1078 4870 p.
1102 4793 1149 4852 26.

715 4925 739 5004 ⁴)
762 4926 799 4987 cf.
828 4925 1009 4982 Franciscus
1036 4922 1238 4994 Hotomanus,
1271 4921 1405 5002 Epitom.
1434 4924 1465 4980 in
1492 4917 1590 4980 Pand.
1618 4919 1671 4979 lib.
1703 4919 1727 4977 1.
1760 4923 1805 4978 tit.
1830 4919 1869 4981 11.
1919 4917 2073 4990 Graviua,
2109 4919 2146 4978 de
2178 4929 2246 4978 ortu
2274 4929 2302 4978 et

549 5081 711 5141 progressu
730 5063 810 5139 juris
833 5058 940 5128 civilis,
964 5078 1030 5137 cap.
1044 5059 1093 5119 91.
1126 5057 1286 5126 Schrader,
1308 5059 1340 5116 in
1363 5056 1476 5134 Hugo's
1499 5054 1726 5114 cirilistischem
1750 5055 1903 5134 Magazin.
1928 5053 2000 5112 llll.
2014 5075 2043 5133 p.
2056 5055 2126 5113 425.
2170 5051 2302 5124 Wench,

549 5195 697 5274 Magister
719 5193 868 5252 Vacarius
892 5213 920 5271 p.
939 5193 987 5254 94.
1011 5200 1073 5249 not.
1093 5211 1131 5249 m.
1174 5187 1211 5251 cf.
1233 5189 1336 5260 Senio,
1354 5187 1547 5248 varnasona
1569 5190 1600 5246 in
1624 5185 1682 5246 deu
1706 5187 1859 5246 Schriften
1884 5185 1937 5245 der
1960 5185 2130 5247 romischeu
2153 5185 2302 5248 Juristen.

549 5326 579 5383 p.
601 5303 657 5366 lx.
680 5313 740 5363 not.
764 5300 792 5362 d.
817 5321 842 5360 e.
