4970 6428
1001 532 1146 627 *Q

345 737 469 831 Neque
496 733 743 832 impedimento
769 741 823 804 est
848 731 984 804 indoles
1001 733 1187 804 verborum
1205 730 1419 829 paragraphi
1437 730 1625 826 vigesimae
1651 735 1808 824 quartae.
1860 731 1951 804 Earn

194 884 458 985 paragraphum
492 907 614 956 verum
643 881 822 954 relationis
856 881 948 978 Lydi
972 881 1101 953 sontem
1129 903 1220 974 esse,
1259 903 1300 954 eo
1329 880 1606 974 demonstratur,
1644 879 1738 974 quod
1770 892 1804 952 et
1828 881 1950 977 Lydus

195 1037 304 1108 verba
330 1057 352 1106 a
377 1059 415 1106 se
439 1033 596 1106 exhibita
621 1031 704 1126 Gaji
729 1031 983 1128 expositionem
1007 1031 1051 1102 de
1069 1029 1312 1124 quaestoribus
1334 1030 1433 1124 sequi
1459 1027 1620 1123 affirmat,
1647 1037 1682 1102 et
1707 1031 1743 1102 in
1762 1029 1950 1104 Pandectis

196 1207 319 1257 revera
345 1181 588 1280 paragraphus
613 1179 780 1276 vigesima
807 1189 934 1274 quarta
957 1189 1036 1276 post
1062 1187 1286 1274 quaestorum
1318 1201 1445 1250 munus
1480 1189 1586 1274 atque
1612 1179 1780 1275 originem
1806 1179 1952 1278 explici-

196 1343 271 1406 tum
308 1333 444 1427 legitur.
504 1330 626 1426 Lydus
660 1339 722 1401 aut
756 1351 898 1402 sensum
932 1331 1043 1426 mags
1067 1329 1148 1424 Gaji
1183 1352 1289 1424 quam
1324 1331 1431 1402 rerba
1467 1329 1679 1422 reddidisse,
1711 1343 1772 1403 aut
1797 1331 1950 1426 meliore,

197 1505 305 1576 quam
330 1479 444 1574 qualis
470 1478 570 1550 nobis
598 1492 757 1550 servanus
783 1487 846 1572 est,
874 1478 1134 1550 Pandectarum
1161 1477 1279 1551 codiee
1305 1501 1390 1550 usus
1416 1499 1493 1549 esse
1519 1478 1714 1550 censendus
1739 1493 1802 1550 est.

349 1629 484 1700 Verum
516 1649 560 1700 ea
593 1650 732 1721 quoque
761 1625 975 1720 differentia,
1012 1649 1102 1721 quae
1132 1628 1222 1698 inter
1253 1627 1515 1725 paragraphum
1550 1629 1763 1724 trigesimam
1790 1640 1953 1724 quartam

198 1779 453 1877 Pomponiique
491 1779 597 1850 verba
633 1777 781 1873 aLydo
813 1776 924 1848 relata
956 1776 1156 1870 intercedit,
1194 1776 1527 1874 vituperationisque
1552 1777 1666 1872 origo,
1699 1801 1804 1872 quam
1832 1777 1954 1874 Lydus

198 1928 393 2026 Pomponio
428 1927 566 2024 objicit,
603 1927 665 1999 tali
701 1925 804 1998 modo
838 1926 966 2022 optime
1001 1925 1232 2022 explicantur.
1294 1923 1373 2021 Ipse
1407 1924 1623 2021 Pomponius
1657 1925 1776 1998 decem
1812 1940 1845 1998 et
1876 1936 1954 2000 octe
2050 1909 2053 1916 ¹

198 2086 377 2174 praetores
404 2078 586 2174 scripsisse
612 2076 806 2150 censendus
832 2083 895 2147 est.
947 2072 1206 2146 Pandeotarum
1233 2073 1480 2170 compositores
1507 2073 1692 2170 Pomponii
1717 2075 1954 2148 narrationem

199 2226 382 2321 interjecta
405 2225 629 2323 paragrapho
655 2224 834 2320 trigesima
859 2223 962 2294 tertia
986 2222 1246 2305 interciderunt,
1275 2237 1308 2292 et
1336 2245 1398 2318 pro
1426 2221 1545 2294 decern
1571 2231 1605 2293 et
1632 2233 1709 2295 octo
1735 2226 1954 2321 praetoribus

200 2374 294 2446 solos
320 2388 397 2446 octo
424 2383 602 2470 praetores
628 2372 936 2469 interpolaverunt.
989 2369 1272 2467 Interpolationis
1299 2371 1372 2466 ejus
1400 2393 1505 2442 eausa
1532 2370 1739 2443 haeserat:

349 2523 436 2594 Post
461 2521 590 2594 multae
617 2522 804 2594 rarietates
831 2543 924 2593 anno
952 2521 1021 2591 384
1057 2522 1102 2592 ab
1129 2520 1396 2616 huperatoribus
1425 2520 1615 2616 Gratiano,
1645 2521 1895 2596 Valentin'auo
1921 2534 1956 2597 et

200 2669 398 2742 Theodosio
426 2670 652 2742 constitutum
678 2687 730 2740 eet
744 2673 795 2764 ⁶⁶),
824 2679 862 2742 ut
887 2679 964 2743 octo
991 2669 1178 2765 quotannis
1207 2679 1387 2766 praetores
1413 2670 1715 2769 Constantinopoli
1742 2679 1954 2744 crearentur.

351 2817 480 2889 Postea
508 2818 663 2912 quinque
688 2817 813 2890 horum
840 2827 1040 2916 praetorum
1065 2820 1212 2892 detracti
1239 2834 1330 2912 sunt,
1356 2821 1429 2892 sive
1446 2845 1539 2894 anno
1566 2824 1639 2893 450
1665 2824 1710 2894 ab
1737 2821 1821 2918 ipsis
1848 2821 1956 2919 impe·

202 2967 378 3038 ratoribus
403 2965 655 3038 Valentiniano
681 2981 715 3038 et
741 2968 939 3062 Marciano,
976 2993 1123 3063 quorum
1155 2971 1399 3042 constitutione
1431 2972 1467 3042 in
1502 2971 1666 3044 Codicem
1696 2971 1956 3042 Justiuianeurn

202 3121 396 3212 recepta⁰⁷l
433 3130 503 3188 tres
529 3117 768 3190 tantummodo
794 3119 973 3215 praetores
1008 3141 1070 3216 per
1096 3119 1251 3214 singulos
1278 3141 1388 3192 annos
1415 3118 1569 3191 ordinari
1589 3119 1775 3215 jubentur,
1811 3119 1884 3190 sive
1910 3121 1957 3191 ab

202 3264 420 3360 Justiniarro,
458 3268 517 3362 qui
554 3269 803 3364 imperatorum
830 3267 968 3341 illorum
996 3269 1277 3342 constitutionem
1303 3267 1450 3341 fortasse
1477 3269 1513 3340 in
1539 3269 1666 3342 Codice
1692 3269 1832 3340 demum
1858 3293 1956 3367 repe-

203 3414 287 3486 titae
312 3415 555 3511 praelectionis
582 3417 786 3514 interpolari
806 3418 961 3514 jusserit.
1013 3419 1062 3490 At
1089 3417 1195 3488 etiarn
1221 3416 1250 3488 si
1268 3416 1527 3490 Pandectarum
1552 3416 1845 3490 conficiendarum
1872 3426 1957 3490 tem-

203 3585 287 3658 pore
324 3580 394 3634 tres
428 3565 668 3636 tantummodo
695 3573 872 3662 praetores
909 3565 1212 3662 Constantinopoli
1247 3567 1473 3657 creabantur,
1511 3572 1603 3636 certe
1629 3565 1853 3638 Justinianus
1880 3568 1956 3662 jam

204 3717 278 3782 tum
311 3711 345 3782 iu
378 3721 492 3784 mente
526 3712 696 3806 habebat,
734 3726 811 3786 octo
845 3721 1046 3811 praetorum
1080 3737 1263 3784 numerum
1297 3713 1488 3785 restituere.
1539 3713 1621 3787 Non
1655 3715 1851 3788 inconsulto
1878 3725 1959 3813 post

205 3857 369 3931 Codioem
395 3859 560 3956 repetitae
587 3859 831 3957 praelectionis
858 3860 1074 3956 publicatum
1108 3883 1201 3932 anno
1236 3859 1347 3956 primo
1382 3859 1537 3954 quinque
1563 3875 1597 3932 et
1623 3883 1694 3934 non
1720 3862 1872 3960 plurium
1896 3887 1957 3936 uo-

205 4033 329 4082 vorum
354 4025 555 4107 praetorum
583 4033 729 4083 munera
756 4009 977 4084 constituisse
1001 4010 1154 4102 videtur,
1183 4007 1321 4081 novella
1362 4009 1407 4078 24
1435 4009 1605 4104 praetoris
1629 4009 1841 4084 Justiuianei
1868 4013 1958 4085 Pisi-

205 4159 304 4252 diae,
339 4158 480 4231 novella
515 4161 560 4229 25
591 4161 761 4256 praetoris
797 4159 1009 4232 Justinianei
1037 4159 1255 4255 Lycaoniae,
1294 4156 1435 4229 novella
1469 4159 1514 4228 26
1549 4159 1719 4255 praetoria
1746 4160 1958 4234 Justinianei

207 4305 398 4397 Thraciae,
434 4307 572 4380 novella
611 4310 655 4378 29
691 4308 862 4405 praetoris
889 4307 1173 4405 Paphlagoniae,
1208 4307 1347 4380 novella
1377 4309 1421 4378 13
1454 4308 1623 4404 praetoris
1649 4308 1773 4404 plebis.
1826 4311 1958 4382 Eodem

206 4464 360 4551 tempore
387 4453 536 4526 aliarum
562 4479 700 4549 quoque
727 4457 987 4552 provinciarum
1012 4457 1231 4552 praesidibus
1266 4481 1375 4530 nortis
1401 4458 1519 4530 titulos
1548 4457 1755 4555 impertivit,
1789 4460 1959 4556 praetoris

207 4616 323 4674 autern
350 4599 489 4674 titulum
515 4601 556 4674 iis
583 4602 831 4698 denegantur).

208 4893 357 4900 ——-oe-—
370 4894 658 4901 ---—-—--———-..-
673 4895 740 4901 .—-

375 5125 414 5201 611’)
437 5125 475 5181 cl'.
499 5123 534 5183 C.
558 5128 597 5184 25
621 5123 655 5183 C.
680 5123 739 5182 Th.
763 5124 801 5183 de
823 5079 919 5203 praet..
943 5135 973 5183 et
994 5136 1110 5204 quaest.
1134 5129 1161 5196 6,
1185 5133 1213 5184 4.

375 5263 414 5331 ⁶⁷)
438 5256 475 5315 cf.
500 5255 535 5316 C.
559 5262 576 5316 2
600 5255 636 5316 C.
659 5255 692 5316 J.
716 5255 754 5316 de
776 5257 825 5314 off.
849 5265 945 5335 praet.
971 5265 995 5327 1,
1018 5257 1071 5317 39.

376 5393 415 5468 ⁶⁸)
436 5389 473 5448 cf.
498 5409 567 5448 nov.
591 5391 640 5449 27.
664 5391 714 5450 28.
738 5391 786 5450 30.
807 5395 856 5450 31.
