4970 6428
1353 506 1496 602 —2-4*

697 705 957 780 Pandectarum
991 705 1238 803 compositores
1264 704 1325 800 qui
1350 705 1536 802 Pomponii
1570 707 1811 797 masciatum,
1848 733 1918 803 quo
1944 709 2119 806 singulos,
2153 732 2302 805 quor-um

547 858 716 954 originem
743 855 1054 951 demonstraverat,
1081 855 1306 952 magistratus
1333 854 1483 926 breviter
1497 855 1720 951 ,repetiverat
1752 856 1941 952 interjectis
1967 857 2116 932 aliorum
2136 858 2303 955 jureoon-
2360 935 2363 944 λ

547 1007 719 1080 sultorum
743 1004 959 1102 fragmentis,
987 1029 1008 1077 a
1034 1003 1170 1099 reliqua
1195 1004 1271 1101 ejus
1296 1004 1496 1078 narratione
1515 1015 1775 1102 separaverant,
1803 1007 1881 1080 ideo
1899 1007 2018 1082 decem
2041 1019 2076 1081 et
2101 1016 2178 1082 octo
2202 1031 2304 1106 pree-

543 1155 681 1228 ·toribus
708 1155 799 1228 solos
826 1162 903 1227 octo
928 1160 1107 1252 praetores
1134 1154 1398 1246 substituerunt,
1425 1177 1470 1226 ne
1496 1153 1624 1252 plures,
1652 1179 1759 1250 quam
1785 1179 1873 1250 quas
1899 1154 2121 1232 Justinianus
2147 1158 2302 1232 ordinari

546 1302 642 1396 velit,
670 1311 849 1402 praetores
874 1303 1107 1374 nominentur.
1159 1300 1215 1373 Ita
1249 1301 1285 1374 in
1321 1301 1507 1375 enunciata
1538 1301 1604 1375 isto
1632 1326 1771 1395 omnes,
1799 1304 1860 1398 qui
1886 1303 1931 1376 ad
1957 1304 2151 1378 Justiniani
2175 1330 2302 1380 aevum

547 1452 779 1546 duraverunt,
817 1449 1043 1545 magistratus
1076 1448 1244 1521 ordinarii
1275 1457 1544 1544 enumerantur,
1577 1473 1661 1522 nam
1694 1451 1852 1526 tribunos
1882 1477 2022 1549 quoque
2057 1455 2169 1552 plebis
2195 1456 2301 1532 etiam

546 1600 739 1676 «Iustiniani
764 1599 978 1697 temporibus
1004 1597 1189 1691 exstitisse,
1214 1597 1400 1670 verisimile
1427 1601 1541 1691 est⁶⁹),
1569 1598 1699 1672 aediles
1727 1625 1808 1673 vero
1834 1600 1895 1674 illo
1921 1610 2076 1700 tempore
2101 1603 2302 1676 Constanti-

547 1749 666 1847 nopoli
691 1749 809 1844 fuisse,
836 1749 911 1846 ipse
937 1747 1059 1844 Lydus
1085 1747 1193 1820 tradit
1203 1745 1255 1843 10).

693 1899 866 1971 Mutatam
890 1921 913 1970 a
938 1895 1197 1970 Pandectarum
1231 1895 1519 1993 compositoribus
1545 1895 1731 1993 Pomponii
1765 1895 1969 1970 relationem
2000 1897 2123 1994 Lydus
2147 1907 2182 1972 et
2205 1899 2299 1996 legit,

547 2056 582 2122 et
607 2048 643 2120 in
668 2048 795 2121 librum
823 2073 925 2121 suum
950 2047 1091 2144 recepit,
1119 2070 1268 2140 cumque
1292 2053 1369 2118 octo
1396 2047 1532 2118 tantum
1558 2051 1735 2142 praetores
1762 2069 1783 2118 a
1809 2044 2002 2142 Pomponio
2037 2049 2301 2122 commemorari

546 2196 700 2292 vidisset,
728 2196 848 2294 paullo
874 2204 991 2269 autern
1017 2195 1171 2268 anterius
1197 2192 1449 2288 fragmentum,
1483 2215 1552 2286 quo
1579 2193 1687 2266 multo
1714 2194 1867 2290 plurium
1892 2203 2093 2292 praetorum
2119 2195 2216 2292 origo
2241 2197 2301 2269 de·

544 2347 824 2439 monstrabatur,
851 2366 968 2416 errore
994 2343 1131 2436 aliquo,
1159 2341 1201 2413 de
1228 2365 1299 2437 quo
1323 2365 1406 2413 mox
1432 2341 1647 2434 videbimus,
1676 2340 1859 2430 seductus,
1885 2340 2031 2439 Ulpiani
2056 2367 2153 2437 esse,
2181 2346 2301 2418 existi·

546 2504 677 2588 maret,
714 2494 947 2590 Pomponium
977 2501 1014 2562 τὸ
1034 2496 1173 2579 πλῆθος
1195 2494 1255 2560 καὶ
1275 2493 1433 2560 ποικίλον
1460 2499 1518 2576 τῆς
1547 2495 1703 2576 Ιιοτοριόις
1734 2493 1915 2582 διαφυγεῖν
1947 2493 2074 2588 arguit.
2134 2492 2190 2566 Ita
2225 2495 2300 2592 ipse

546 2645 639 2742 Lydi
655 2668 752 2717 error
770 2667 891 2716 verum
909 2642 995 2738 legis
1013 2640 1188 2713 secundae
1206 2639 1249 2712 de
1267 2640 1399 2736 origine
1411 2639 1501 2736 juris
1519 2647 1631 2712 ortum
1653 2639 1795 2711 indicat.
1846 2639 1976 2737 Ejectis
2000 2641 2161 2714 omnibus
2184 2642 2254 2715 lere
2279 2667 2299 2715 e

546 2794 647 2868 titulo
673 2793 716 2866 de
743 2794 875 2889 origine
896 2791 986 2888 juris
1013 2789 1309 2887 inscriptionibus,
1337 2813 1416 2862 curn
1442 2799 1515 2862 tota
1541 2788 1599 2860 lex
1626 2789 1780 2863 secunda
1805 2789 1848 2861 de
1873 2791 2006 2884 origine
2027 2791 2118 2887 juris
2144 2815 2216 2863 una
2242 2790 2299 2862 lex

546 2965 622 3014 esse
647 2941 845 3034 videretur,
881 2949 1155 3014 consentaneum
1181 2940 1292 3012 videri
1317 2963 1387 3012 non
1411 2943 1566 3035 poterat,
1599 2937 1636 3010 in
1662 2937 1863 3010 enaratione
1889 2937 2069 3010 decentet
2095 2947 2173 3014 octo
2198 2964 2299 3038 prae-

545 3099 648 3184 tores,
677 3091 737 3187 qui
757 3092 817 3186 jus
844 3090 973 3185 dicant,
1001 3089 1038 3162 in
1063 3089 1267 3187 repetitione
1293 3097 1410 3160 autem
1427 3087 1519 3159 solos
1537 3093 1614 3160 octo
1641 3094 1818 3182 praetores
1845 3086 2038 3180 nomiua1·i;
2065 3087 2114 3160 ita
2141 3089 2298 3164 consulto

545 3240 666 3314 decem
700 3249 735 3314 et
767 3247 844 3312 octo
878 3247 1057 3337 praetores
1085 3237 1199 3310 denuo
1226 3246 1303 3311 octo
1330 3237 1549 3334 praetoribus
1576 3236 1764 3328 substituti,
1792 3236 1989 3310 inconsulto
2014 3238 2167 3332 genuina
2195 3240 2298 3314 Pom-

545 3389 641 3488 ponii
667 3389 770 3462 lectio
796 3388 956 3461 restituta
983 3398 1046 3460 est.

694 3543 744 3610 At
777 3537 855 3634 ipsa
888 3536 975 3609 haee
1009 3537 1228 3611 ratiocinatio
1258 3538 1401 3634 probat,
1435 3537 1575 3633 Lydum
1609 3561 1680 3610 non
1708 3561 1752 3609 ex
1779 3537 1854 3634 ipso
1880 3535 2065 3632 Pomponii
2092 3537 2181 3610 libro
2206 3537 2299 3634 frag·

546 3697 702 3762 mentum
727 3685 815 3758 illud
841 3686 1017 3778 sumsisse,
1044 3710 1166 3758 verum
1203 3710 1247 3758 ex
1281 3687 1480 3760 Pandectis.
1533 3687 1656 3760 Altera
1687 3695 1804 3759 autem
1829 3707 1909 3758 eum
1934 3684 2130 3781 fragmenta
2157 3685 2297 3783 Gajana

546 3835 687 3910 aliunde
714 3857 820 3929 quam
846 3857 891 3904 ex
917 3832 1106 3905 Pandectis
1132 3831 1302 3926 hausisse,
1330 3832 1418 3906 nihil
1443 3834 1587 3906 iudicat.
1639 3835 1692 3907 Ea
1717 3833 1912 3931 fragments
1930 3858 2013 3906 vera
2040 3834 2180 3931 Gajana
2205 3833 2297 3930 frag-

546 3992 663 4060 menta
691 3983 855 4056 habende
882 4005 957 4054 esse
984 3981 1144 4052 vidimus.
1196 3981 1278 4054 Non
1305 3982 1372 4054 nisi
1398 3983 1659 4056 similitudinem
1685 3983 1840 4078 aliquam
1865 3984 2050 4056 verborum
2069 4005 2294 4078 permagnam

546 4134 637 4206 inter
663 4132 803 4228 Gajana
827 4131 1023 4227 fragmenta
1049 4155 1070 4202 a
1096 4129 1197 4226 Lydo
1221 4139 1370 4219 servata,
1398 4139 1431 4204 et
1456 4130 1716 4228 Pomponiana,
1753 4155 1845 4227 quae
1871 4131 1907 4202 in
1933 4131 2122 4206 Pandectis
2149 4137 2296 4221 exstent,

546 4281 778 4375 intercedere,
814 4280 924 4353 altera
951 4287 1067 4352 autem
1091 4303 1213 4352 revera
1241 4278 1380 4376 Gajana
1406 4281 1516 4352 altera
1540 4280 1782 4376 Pomponiana
1810 4301 1904 4372 esse,
1932 4279 2055 4352 ultima
2084 4280 2297 4378 paragraphi

546 4432 735 4528 vigesimae
761 4431 883 4502 tertiae
909 4430 1016 4502 verba
1040 4429 1240 4525 reprobant.
1292 4428 1346 4500 Ne
1373 4438 1489 4500 autern
1508 4437 1616 4502 totam
1635 4428 1745 4522 legem
1772 4428 1962 4500 secundam
1986 4427 2029 4499 de
2056 4427 2187 4522 origine
2207 4427 2297 4523 juris

547 4581 845 4654 aPandeotarum
863 4579 1150 4678 compositoribus
1169 4576 1352 4650 confictam
1371 4599 1446 4647 esse
1470 4575 1662 4672 opinemur,
1687 4583 1829 4648 mouent
1854 4573 2117 4670 inscriptionum
2141 4574 2296 4668 vestigia,

547 4753 637 4827 quae
663 4731 699 4802 in
726 4729 841 4801 media
867 4728 942 4824 lege
968 4727 1124 4802 secunda
1141 4726 1184 4798 de
1206 4727 1337 4822 origine
1359 4726 1448 4822 juris
1468 4735 1665 4819 occurrunt,
1693 4735 1878 4820 monetque
1896 4725 2028 4820 Lydus,
2057 4725 2117 4819 qui
2143 4749 2187 4796 ex
2214 4725 2298 4823 ipsis

547 4878 736 4952 Pandectis
762 4879 976 4951 intellexisse
1002 4878 1159 4968 videtur,
1197 4873 1438 4974 paragraphus
1472 4874 1676 4970 vigesimam
1711 4872 1918 4965 secundam,
1947 4873 2104 4967 tertiam,
2137 4883 2297 4968 quartam

548 5030 630 5126 Gaji
656 5054 752 5124 esse,
780 5053 823 5100 ex
851 5029 925 5124 ejus
950 5028 1038 5100 libro
1064 5028 1176 5126 primo
1202 5027 1247 5100 od
1275 5026 1387 5122 legem
1412 5023 1594 5096 duodecim
1621 5021 1819 5094 tabularum
1846 5021 2034 5093 desurntas.

715 5245 753 5326 69)
777 5247 814 5305 of.
828 5245 954 5316 Walter,
971 5254 1045 5306 rom.
1062 5223 1358 5322 Rechtsgeschlehte.
1381 5240 1406 5299 Ι.
1422 5241 1442 5320 ἕ
1459 5241 1528 5302 370.
1573 5237 1749 5306 Mommsen,
1766 5243 1841 5295 rbm.
1857 5234 2055 5295 Staatsrecht.
2078 5234 2119 5294 Π.
2139 5244 2166 5296 1.
2184 5257 2212 5315 p.
2229 5241 2298 5297 303.

715 5377 752 5458 ⁷⁰)
776 5381 812 5438 cl.
836 5377 943 5458 Lydus
967 5377 1003 5437 de
1026 5397 1107 5456 mag.
1130 5376 1154 5450 1,
1178 5379 1227 5438 35.
