4970 6428
1428 521 1448 582 e

1379 611 1519 618 ——-..-

550 723 744 814 coustat⁹);
777 732 1118 818 consentaneumque
1161 733 1255 818 erat,
1288 723 1480 796 delationes
1514 723 1579 796 has
1610 726 1655 796 ab
1689 724 1812 797 iisdem
1846 725 2089 819 quaestoribus
2121 723 2209 819 fieri,
2245 726 2307 820 qui

556 869 774 967 imperatoris
801 893 939 965 quoque
966 871 1132 968 epistolas
1157 873 1193 943 in
1220 881 1343 945 senatu
1369 874 1565 946 recitarent.
1618 873 1705 946 Tale
1732 873 1816 968 quid
1842 873 2018 970 Ulpianus
2044 898 2209 947 narrasse
2235 877 2311 949 exi-

554 1019 748 1091 stimandus
774 1026 827 1091 est
852 1029 933 1117 post
958 1021 1062 1093 finem
1086 1021 1300 1119 paragraphi
1327 1023 1500 1096 secundae
1535 1022 1622 1118 legis
1650 1023 1774 1096 unicae
1800 1022 1843 1095 de
1870 1021 1982 1095 officio
2009 1023 2216 1119 quaestoris,
2243 1023 2312 1097 ita·

544 1195 617 1265 que
653 1171 697 1244 ad
736 1168 850 1268 ipsam
887 1178 1111 1264 quaestorum
1160 1172 1370 1244 creationem
1413 1172 1675 1270 explanandam
1717 1174 1938 1270 pervenisse,
1989 1173 2180 1269 Lydusque
2218 1173 2312 1246 hanc

543 1319 697 1417 Ulpiani
731 1321 968 1393 narrationem
1007 1320 1224 1422 decurtatam
1261 1323 1296 1394 in
1332 1321 1459 1395 librum
1492 1345 1593 1394 suum
1626 1323 1799 1419 recepisse
1835 1331 1940 1419 atque
1965 1321 2072 1394 Junio
2099 1321 2311 1395 Gracchano

544 1469 752 1541 attribuisse
776 1468 924 1539 videtur.
977 1477 1027 1540 At
1049 1493 1093 1539 ne
1115 1469 1193 1562 quis
1212 1469 1292 1541 inde
1317 1469 1488 1566 conjiciat,
1513 1469 1652 1566 Lydum
1675 1471 1789 1568 ipsum
1810 1471 1957 1569 Ulpiani
1979 1471 2107 1543 librum
2132 1469 2310 1543 habuisse.

545 1617 657 1690 Immo
689 1617 797 1690 multo
824 1618 1046 1691 verisimilius
1073 1630 1145 1712 est,
1181 1619 1293 1714 legem
1327 1619 1468 1690 unicam
1494 1619 1537 1690 de
1564 1617 1676 1692 officio
1702 1619 1897 1714 quaestoris
1922 1644 1993 1692 non
2019 1619 2087 1690 nisi
2113 1617 2311 1690 mutilatam

546 1767 590 1840 ad
620 1791 685 1840 nos
718 1767 932 1864 pervenisse.
984 1765 1100 1839 Testis
1129 1777 1180 1840 est
1207 1767 1398 1865 capitulum
1426 1767 1576 1864 primum
1612 1767 1703 1839 tituli
1729 1767 1819 1838 sexti
1846 1767 1925 1839 libri
1949 1766 2039 1838 sexti
2065 1765 2309 1862 Basilieorum

546 1918 590 1990 ln
620 1917 854 1990 Basilicorum
882 1917 1048 2014 synopsi,
1073 1941 1156 1988 nam
1182 1916 1256 2012 ipse
1281 1915 1513 1988 Basilicorum
1540 1924 1657 1987 textus
1684 1915 1883 2012 deperditus
1911 1922 1981 2008 est,
2016 1912 2103 1986 haec
2129 1915 2237 1987 verba
2262 1913 2311 1984 le-

547 2075 695 2164 guntur:

692 2220 969 2306 (troytrcdozouot
992 2219 1026 2284 δὲ
1052 2227 1095 2300 τῷ
1115 2221 1257 2300 βασιλεῖ
1273 2218 1415 2300 βίβλους
1439 2219 1496 2282 καὶ
1519 2218 1742 2299 βουλεύονται
1769 2221 1805 2282 ἐν
1829 2225 1865 2301 τῇ
1890 2217 2065 2302 συγκλήτῳ
2088 2216 2227 2294 καὶτὰς
2250 2217 2310 2296 βα-

549 2373 686 2450 σιλικάς
709 2369 984 2454 (ὶναγινώσκουσι
1006 2369 1192 2446 κελεύσεις.

695 2520 815 2602 litator
844 2525 887 2600 τῴ
908 2519 1049 2601 βασιλεῖ
1077 2517 1393 2603 (ἰινιφνιινωσκόμειναι
1420 2513 1568 2608 intelligi
1601 2520 1748 2609 possunt
1774 2511 1881 2584 libelli
1905 2517 2066 2603 senatus,
2094 2508 2220 2605 quibus
2247 2531 2309 2579 uo·

553 2666 649 2738 mina
675 2665 943 2761 magistratuum
970 2664 1231 2759 designatorum
1253 2664 1507 2758 contineantur,
1534 2662 1736 2760 imperatori
1761 2661 1914 2755 recitati,
1939 2660 2058 2754 itaque
2076 2657 2307 2731 Basilicorum

553 2815 639 2911 legis
665 2815 789 2888 unicae
815 2815 857 2886 de
884 2813 996 2886 officio
1022 2815 1216 2908 quaestoris
1243 2813 1365 2884 relatio
1392 2837 1471 2884 cum
1499 2811 1589 2907 Lydi
1617 2810 1784 2882 relatione
1809 2832 1951 2907 prorsus
1978 2813 2202 2902 congrueret,
2238 2820 2307 2878 sta·

554 2963 792 3058 tuendumque
818 2961 924 3056 foret,
952 2963 986 3034 in
1013 2964 1142 3035 nostris
1168 2963 1427 3035 Pandectarum
1454 2960 1631 3033 codicibus
1658 2962 1764 3032 verba
1790 2959 1909 3052 aliqua
1936 2957 2126 3049 excidisse,
2160 2979 2307 3050 quorum

554 3138 574 3186 a
608 3112 868 3185 Pandectarum
906 3111 1194 3208 compositoribus
1237 3111 1484 3207 ejiciendorum
1524 3111 1611 3182 ratio
1657 3111 1716 3180 rix
1759 3108 1907 3180 inveniri
1946 3107 2073 3205 possit,
2115 3130 2193 3178 cum
2235 3106 2307 3178 Leo

555 3264 694 3335 demum
721 3261 910 3359 imperator
936 3263 1091 3334 omnium
1117 3261 1384 3357 magistratuum
1407 3259 1679 3333 nominationem
1710 3257 1754 3328 ad
1789 3257 2015 3353 imperatores
2048 3254 2244 3326 retraxissit
2258 3255 2306 3348 ¹⁰).

705 3413 740 3506 3)
767 3411 923 3483 Tertium
960 3410 1051 3507 Lydi
1085 3408 1338 3506 fragmentum,
1374 3409 1467 3504 quod
1502 3409 1537 3480 in
1571 3408 1685 3506 eapite
1712 3407 1758 3477 ‘28
1784 3412 1917 3494 exstat,
1945 3427 1989 3474 cx
2017 3403 2138 3475 eodem
2163 3403 2309 3501 Ulpiani

556 3522 751 3657 fragmento
779 3560 977 3631 desumtum
1003 3568 1065 3643 cst,
1094 3559 1198 3653 idque
1225 3559 1403 3631 nominato
1430 3565 1571 3630 auctore
1597 3558 1763 3655 Ulpiano.

655 3711 746 3808 Lydi
771 3711 878 3782 verba
904 3709 990 3782 haec
1017 3719 1116 3781 sunt:
1429 3709 1433 3877 Ι
1588 3707 1734 3804 Ulpiani
1761 3706 1867 3776 verba
1893 3703 1998 3775 haec:

658 3867 747 3948 πλήν
768 3864 933 3950 &gripone
956 3869 988 3927 οὶ
1010 3861 1222 3943 aorrt'ormprg¹
1246 3867 1278 3926 o't
1301 3885 1379 3925 zrrr-
1430 3880 1432 3923 ι
1584 3880 1706 3927 verum
1732 3853 1869 3950 excepti
1890 3862 1991 3924 erant
2013 3849 2190 3922 candidati
2215 3849 2310 3946 prill-

557 4013 688 4078 ‹l'rdriwt
719 4019 778 4077 τοῦ
805 4012 999 4093 Καίσαρος·
1034 4003 1129 4076 οὗτοι
1166 4011 1229 4096 γάρ
1256 4012 1378 4094 μόνοις
1429 3948 1433 4099 t
1488 4005 1595 4102 cipis,
1623 4004 1659 4075 hi
1684 4002 1812 4075 etenim
1840 4001 1922 4073 solis
1940 3999 2038 4071 libris
2058 3995 2310 4094 principalibus

557 4163 627 4240 τοῖς
656 4159 805 4242 βιβλίοις
838 4161 908 4239 τοῖς
938 4161 993 4225 ἐπὶ
1028 4168 1085 4244 τῆς
1114 4163 1242 4243 βουλῆς
1265 4159 1378 4244 (traqu—
1488 4155 1523 4226 in
1551 4166 1674 4225 senatu
1700 4151 1856 4248 legendis
1882 4157 2011 4221 vacant
2039 4205 2046 4218 .
2075 4204 2083 4219 .
2113 4205 2120 4218 .
2148 4202 2155 4217 .
2181 4144 2311 4239 quique

557 4310 788 4396 ι’ωσκομὲιυις
822 4310 1020 4396 ἐσχόλαζον,
1050 4311 1107 4374 καὶ
1139 4313 1211 4389 ταῖς
1245 4313 1379 4374 datore·
1487 4299 1652 4397 epistolas
1679 4300 1754 4395 ejus
1782 4299 1816 4369 iil
1845 4305 1967 4369 Senatu
1995 4297 2127 4392 legunt.

557 4463 635 4540 trrt'g
660 4467 722 4524 redu
744 4461 913 4542 βασιλέων
938 4461 1140 4546 rioor'pyour.

705 4605 758 4677 De
784 4604 850 4678 hoc
875 4605 1069 4702 fragmento
1096 4605 1181 4678 nihil
1209 4606 1418 4678 monendum
1442 4629 1517 4676 esse
1545 4603 1691 4676 videtur.

555 4887 1090 4898 --.——-..—-—--——-———-—-----

724 5108 747 5186 9)
770 5107 808 5167 cl.
831 5105 966 5180 Walter,
996 5104 1178 5166 Geschichtc
1210 5104 1263 5164 des
1285 5111 1359 5166 rdm.
1383 5103 1503 5164 Rechts.
1528 5101 1552 5166 I.
1577 5105 1596 5184 ὅ
1620 5105 1689 5166 367.
1713 5104 1781 5162 370.
1817 5137 1853 5148 —-
1890 5105 2310 5166 e.e.e.10.1a.14.15.

558 5249 607 5304 21.
652 5241 687 5302 C.
711 5239 770 5301 Th.
796 5239 833 5298 de
855 5251 950 5319 praet.
975 5241 1003 5312 6',
1026 5246 1055 5300 4.
1099 5259 1124 5300 c.
1149 5240 1176 5299 2.
1221 5237 1256 5298 O.
1279 5235 1311 5299 J.
1336 5235 1372 5296 de
1395 5237 1444 5300 off.
1466 5248 1560 5317 praet.
1587 5245 1612 5308 1,
1636 5239 1685 5298 39.

725 5373 761 5453 ¹⁰)
784 5372 822 5435 cl.
845 5393 914 5432 nov.
939 5371 1034 5434 Leon.
1057 5375 1107 5434 47.
