4970 6428
1343 535 1484 632 Aa„

538 720 743 816 Julianique
776 720 908 817 scripta
934 719 1123 813 exstitisse,
1160 719 1215 791 vel
1242 719 1323 791 inde
1349 719 1481 814 elucet,
1516 720 1609 814 quod
1635 721 1671 792 in
1697 720 1886 792 Pandeotis
1914 720 2072 793 Africani
2098 721 2295 817 fragmenta

540 893 620 942 cum
645 869 781 942 Juliani
812 867 1015 964 fragmentis
1047 893 1183 968 semper
1218 869 1404 964 conjuncta
1440 876 1622 966 apparent.
1676 867 1882 940 Africanum
1911 867 2045 941 Juliani
2077 893 2204 942 nomen
2230 872 2294 944 ali-

539 1019 681 1116 quando
707 1020 918 1113 nominasse,
946 1019 1136 1114 ahquando
1163 1019 1353 1112 reticuisse,
1382 1041 1452 1091 non
1479 1025 1532 1088 est
1557 1016 1753 1088 verisimile.
1807 1017 1895 1089 Cum
1922 1018 2027 1113 igitur
2053 1019 2088 1090 in
2115 1019 2293 1092 nonnullis

538 1169 744 1266 fragmentis
769 1168 905 1242 Juliani
929 1193 1056 1242 nomen
1081 1169 1257 1266 responsis
1275 1168 1506 1265 praemissum
1525 1180 1705 1264 appareat,
1733 1167 2027 1264 praesumendum
2045 1179 2106 1264 cst,
2127 1169 2163 1240 id
2189 1170 2295 1242 ctiam

540 1319 619 1393 aliis
647 1318 824 1416 responsis
849 1318 1087 1415 praepositum
1110 1317 1226 1388 luisse.
1279 1316 1351 1389 Cur
1372 1317 1631 1389 Pandectarum
1658 1315 1916 1412 compositores,
1944 1317 2004 1412 qui
2028 1317 2064 1388 in
2090 1317 2295 1414 fragmentis

541 1476 592 1540 tot
610 1469 783 1541 minorum
805 1466 1124 1564 jureconsultorum
1151 1436 1293 1538 nomina
1320 1466 1546 1559 retinuerunt,
1573 1465 1709 1538 Juliani
1732 1489 1858 1537 nomen
1884 1465 2073 1548 omiserint,
2101 1467 2295 1564 intelligere

419 1606 421 1617 ¹
540 1643 613 1691 non
630 1617 722 1690 licet.
748 1617 795 1688 Et
812 1615 842 1688 si
859 1617 895 1687 in
909 1615 1087 1687 nonnullis
1100 1615 1235 1710 graecis
1249 1614 1409 1686 Africani
1425 1613 1698 1710 fragmentorum
1716 1615 1990 1712 paraphrasibus
2004 1616 2138 1689 Juliani
2156 1642 2294 1702 nomen.

542 1736 635 1863 quod
662 1767 699 1838 in
726 1767 853 1876 nostris
871 1765 1130 1838 Pandectarum
1148 1764 1324 1872 codicibus
1348 1763 1500 1836 deletum
1519 1771 1581 1860 est,
1607 1763 1743 1859 legitur,
1771 1764 1879 1838 multo
1906 1766 2018 1861 magis
2043 1775 2173 1864 putem,
2199 1768 2296 1841 lacu·

542 1941 630 1990 nosa
656 1941 732 1990 esse
757 1932 878 1990 nostra
904 1916 1163 1989 Pandectarum
1191 1914 1423 2012 exemplaria,
1453 1938 1559 2009 quam
1584 1935 1728 2006 graecos
1755 1912 1961 1986 scholiastes
1988 1939 2008 1986 a
2035 1915 2295 1988 Pandectarum

543 2065 831 2163 compositoribus
850 2064 1001 2135 deletum
1019 2063 1151 2136 Juliani
1171 2088 1296 2136 nomen
1314 2063 1527 2134 divinatione
1545 2061 1663 2156 aliqua
1683 2061 1806 2135 ductos
1831 2065 2034 2136 restituisse.
2087 2065 2161 2137 Nec
2188 2065 2295 2137 refra-

542 2226 670 2314 gantur
696 2215 838 2288 Scholia
865 2215 909 2286 ad
936 2214 1019 2286 Bas.
1045 2215 1101 2307 20,
1132 2215 1162 2307 1,
1189 2215 1234 2284 34
1262 2213 1366 2285 etad
1394 2212 1477 2285 Bas
1503 2214 1561 2307 48,
1591 2215 1624 2306 3,
1654 2217 1711 2286 22.
1763 2215 1815 2286 Ibi
1851 2215 1942 2286 enim
1970 2214 2182 2287 Scholiastcs
2209 2215 2295 2287 nihil

545 2366 641 2438 aliud
667 2365 781 2438 dicere
807 2364 843 2435 in
871 2363 987 2435 animo
1013 2362 1128 2456 habet,
1156 2362 1224 2434 nisi
1248 2362 1371 2458 legem,
1401 2388 1506 2459 quam
1525 2365 1783 2463 interpretatur,
1807 2366 1966 2438 Africani
1992 2389 2079 2437 esse.
2131 2365 2295 2439 Scholion

543 2515 588 2587 ad
612 2514 695 2586 Bas.
722 2514 781 2606 48,
811 2513 842 2604 3,
872 2514 914 2583 21
945 2510 1170 2609 paraphrasis
1196 2522 1248 2584 cst
1275 2512 1361 2610 legis
1389 2515 1435 2585 20
1461 2515 1504 2587 dc
1530 2517 1734 2588 manumiss.
1761 2524 1850 2610 test,
1879 2540 1969 2611 quae
1992 2515 2127 2588 nullum
2154 2516 2295 2588 omnino

542 2685 749 2759 responsum
774 2660 938 2733 continet.

665 2811 829 2910 Similis
849 2819 887 2882 ut
913 2809 1071 2884 Africani
1100 2812 1343 2905 quaestionum
1370 2821 1422 2883 est
1448 2812 1605 2884 condicio
1623 2812 1847 2906 Digestorum
1870 2811 1988 2884 Alfeni
2007 2813 2211 2922 llari-*Ea
2234 2815 2295 2886 Di-

543 2972 642 3060 gesta
669 2987 689 3034 a
716 2961 827 3034 Paulo
854 2961 1041 3058 epitomata
1068 2969 1159 3031 sunt.
1212 2961 1341 3033 Utrum
1366 2961 1625 3034 Pandectarum
1661 2925 2151 3058 compositoi·es÷³e'i'‘ipsorum
2177 2962 2296 3034 Alfeni

543 3113 633 3185 Vari
659 3121 692 3183 et
716 3110 819 3184 Pauli
844 3111 1074 3208 epitomarum
1100 3109 1296 3207 fragmenta
1322 3111 1358 3181 in
1377 3109 1575 3184 Pandectas
1602 3111 1784 3208 recepisse,
1809 3135 1854 3182 an
1882 3135 1963 3183 vero
1990 3112 2073 3184 solis
2097 3112 2200 3184 Pauli
2225 3113 2296 3210 epi-

472 3253 475 3262 *
544 3262 646 3336 tomis
680 3262 734 3332 usi
774 3260 921 3356 singulis
955 3259 1158 3356 fragmentis
1192 3259 1294 3333 modo
1321 3259 1440 3332 Alfeni
1466 3260 1555 3332 Vari
1588 3260 1690 3332 modo
1727 3259 1830 3331 Pauli
1867 3283 1993 3331 nomen
2028 3261 2295 3357 praescripsisse

544 3411 708 3483 censendi
736 3411 820 3498 sint,
848 3410 882 3481 in
910 3409 1023 3482 medio
1051 3409 1273 3506 relinqu0⁴²).
1326 3409 1445 3482 Alfeni
1471 3409 1560 3481 Vari
1585 3410 1749 3505 Digesta,
1777 3409 1896 3504 qualia
1923 3409 2027 3481 Pauli
2056 3418 2211 3506 tempore
2238 3434 2297 3481 ex-

544 3559 705 3652 stiterint,
733 3582 801 3630 non
828 3557 977 3629 eundem
1000 3557 1128 3629 librum
1157 3557 1262 3630 fuisse
1289 3565 1394 3653 atque
1413 3559 1546 3630 Aufidii
1572 3559 1750 3630 Namusae
1777 3557 2177 3654 centumquadraginta
2206 3559 2295 3670 libri7

544 3709 579 3781 in
619 3732 706 3803 quos
742 3706 853 3778 Servii
892 3706 1037 3803 Sulpicii
1071 3706 1322 3802 discipulorum
1352 3705 1432 3778 libri
1466 3705 1591 3801 digesti
1625 3715 1723 3800 sunt,
1759 3730 1966 3804 persuasum
2001 3705 2085 3778 mihi
2119 3707 2231 3782 habeo
2246 3710 2296 3805 ⁴²³).

545 3857 657 3929 Erant
690 3864 807 3929 autem
839 3855 958 3928 Alfeni
984 3855 1073 3928 Vari
1098 3856 1245 3951 Digesta
1279 3854 1366 3926 nihil
1401 3853 1495 3926 aliud
1531 3854 1598 3926 nisi
1624 3877 1871 3951 responsorum
1898 3853 2166 3949 compositiones
2192 3863 2298 3951 atque

544 4007 739 4078 incertum
767 4004 924 4076 ordinem
947 4005 1174 4098 redactiones,
1203 4005 1237 4075 in
1265 3969 1488 4098 quibus'non
1516 4002 1626 4074 solum
1655 4003 1763 4100 ipsius
1782 4001 1901 4074 Alfeni
1920 4002 2018 4096 l'ari,
2046 4028 2166 4075 rerum
2194 4005 2297 4076 etiam

544 4154 692 4227 aliorum
719 4153 892 4225 clarorum
912 4153 1249 4251 jureconsultorum,
1284 4152 1339 4224 rel
1375 4153 1521 4226 fortasse
1558 4153 1664 4224 soltus
1692 4154 1801 4226 Servii
1829 4153 1974 4250 Sulpicii
2006 4178 2173 4250 responsa
2206 4179 2298 4226 com-

545 4301 718 4400 prehensa
751 4302 857 4374 fuisse
890 4302 1062 4375 videntur.
1114 4303 1357 4402 Septemdecim
1392 4329 1510 4377 eorum
1547 4304 1821 4400 fragmentorum
1849 4303 1994 4398 locist),
2023 4328 2113 4398 quae
2143 4329 2186 4376 ex
2214 4304 2298 4402 ipsis

709 4583 747 4664 47)
770 4586 807 4645 cl.
830 4585 969 4656 Bluhme‚
993 4588 1024 4645 in
1046 4585 1219 4646 Zeitschrift
1241 4586 1290 4646 fiir
1314 4585 1547 4665 geschichtliche
1569 4584 1893 4646 Rechtswissenschaft
1916 4585 1989 4644 lIlI.
2012 4607 2042 4665 p.
2059 4589 2131 4649 406.
2168 4585 2300 4646 Herbert

544 4717 681 4791 Pernice‚
705 4719 899 4780 Miscellanea
921 4740 958 4778 zu
981 4719 1271 4798 Rechtsgeschichte
1293 4719 1356 4780 und
1380 4718 1593 4780 Texteskritik
1616 4740 1646 4798 p.
1670 4721 1708 4779 76
1732 4739 1797 4798 sqq.

710 4849 749 4932 48)
772 4852 810 4911 41.
834 4851 1012 4923 Mommsen,
1034 4855 1066 4912 in
1087 4853 1262 4914 Zcitschrift
1284 4854 1333 4914 fltr
1355 4853 1651 4932 Rechtsgeschichtc.
1676 4851 1746 4911 Vll.
1766 4874 1796 4932 p.
1813 4855 1874 4915 480
1895 4871 1960 4932 sqq.
2005 4851 2136 4912 Herbcrt
2158 4852 2295 4920 Pernice‚

542 4981 564 5046 1.
588 5003 614 5044 c.
638 5007 667 5064 p.
691 4987 726 5047 31
753 5005 818 5066 sqq.

710 5117 749 5202 ⁴⁹)
774 5118 858 5199 eal.
879 5123 917 5181 16
940 5120 977 5180 (14
998 5123 1030 5180 in
1053 5141 1115 5181 rem
1137 5141 1218 5180 vers.
1256 5120 1276 5183 l.
1300 5131 1333 5184 11
1360 5121 1398 5182 de
1420 5143 1484 5202 per.
1508 5130 1537 5182 et
1559 5141 1667 5179 comm.
1700 5117 1721 5180 l.
1745 5121 1794 5180 27.
1818 5119 1837 5198 ξ
1862 5127 1889 5179 1.
1913 5122 1969 5178 loc.
2007 5117 2028 5180 1.
2052 5121 2091 5179 43
2114 5139 2160 5198 pr.
2184 5120 2204 5198 ξ
2229 5125 2298 5181 1.2

544 5249 581 5310 (14
605 5250 707 5311 damn.
730 5252 784 5312 iul.
822 5250 843 5313 l.
867 5257 886 5314 6
909 5253 946 5313 (14
969 5255 1145 5313 manumiss.
1179 5251 1200 5315 1.
1222 5257 1260 5317 14
1282 5274 1328 5335 pr.
1352 5255 1409 5333 §1
1441 5253 1479 5314 dc
1501 5261 1571 5313 stat.
1594 5251 1646 5314 lib.
1694 5248 1715 5312 1.
1738 5255 1778 5310 44
1801 5251 1838 5310 (14
1861 5250 1890 5309 h.
1915 5252 1933 5309 i.
1981 5247 2003 5310 1.
2031 5253 2066 5311 14
2090 5250 2127 5310 (14
2150 5271 2214 5330 pec.
2238 5255 2297 5330 leg.

542 5381 563 5446 1.
579 5387 618 5446 27
635 5385 672 5446 (14
697 5385 865 5447 condicion.
901 5385 923 5448 1.
940 5391 979 5448 26
995 5386 1166 5468 pr.§lde
1189 5409 1238 5467 op.
1254 5386 1307 5447 lib.
1341 5384 1360 5447 l.
1379 5390 1415 5448 15
1432 5387 1470 5446 de
1485 5386 1665 5466 publicanis.
1700 5382 1809 5444 Lade
1831 5386 2007 5444 manumiss.
2040 5381 2062 5445 l.
2086 5386 2146 5446 203
2162 5383 2200 5443 de
2217 5385 2253 5444 V.
2267 5383 2298 5444 S.
