4970 6428
884 589 885 592 ψ
989 521 1130 618 ,6-

183 722 319 822 1661611,
348 721 585 796 nccessarium
612 731 664 794 est
690 728 860 817 statuere,
897 722 1102 796 mendosum
1135 746 1211 815 esse
1238 724 1383 796 verbum
1409 723 1510 817 Quia,
1538 730 1571 795 et
1597 748 1660 821 pro
1686 747 1727 797 eo
1753 723 1939 820 legendum

181 895 281 944 esse:
310 871 389 962 Qui.
430 871 542 968 Gajus
560 871 603 943 de
621 879 791 969 potestate
819 869 995 945 consulari
1021 870 1124 968 plura
1149 873 1256 944 verba
1281 871 1404 945 fecisse
1431 873 1625 945 censendus
1653 879 1716 968 est,
1744 873 1938 970 deindeque
1972 841 1977 850 ¹

186 1023 238 1094 ita
263 1024 478 1122 perrexisse:
504 1010 587 1118 quia
600 1029 730 1104 ¹tamen
758 1079 766 1094 .
793 1078 800 1093 .
828 1080 835 1094 .
862 1022 938 1118 lege
962 1022 1035 1095 lata
1062 1077 1069 1092 .
1100 1079 1108 1094 .
1137 1079 1145 1095 .
1171 1021 1301 1096 factum
1327 1030 1390 1117 est,
1418 1029 1456 1094 ut
1485 1079 1492 1092 .
1522 1079 1529 1092 .
1557 1079 1564 1092 .
1593 1079 1613 1118 .,
1641 1023 1754 1096 solum
1780 1023 1960 1096 relictum

181 1179 237 1244 est
262 1171 342 1268 illis,
370 1179 404 1245 et
429 1172 491 1244 rel.

333 1321 584 1418 Paragraphos
609 1321 791 1418 septimam
818 1321 999 1417 decimam,
1027 1320 1364 1417 duodevigesimam,
1390 1321 1705 1418 undevigesimum,
1741 1323 1778 1396 16
1812 1323 1939 1419 quibus

181 1467 228 1540 de
255 1470 459 1542 censoribus
485 1469 584 1542 etde
615 1469 844 1556 dictatoribus
877 1470 1123 1566 magistrisque
1156 1471 1313 1566 equitum
1338 1471 1473 1567 agitur,
1511 1471 1667 1568 ejusdem
1693 1470 1824 1569 Gajani
1848 1470 1940 1569 frag-

182 1619 294 1690 menti
320 1643 407 1716 esse,
435 1643 642 1718 persuasum
667 1619 752 1694 mihi
778 1619 901 1692 habeo.
952 1619 1024 1692 Eas
1058 1645 1129 1693 non
1163 1621 1318 1717 ejusdem
1349 1620 1527 1718 scriptoris
1554 1643 1648 1716 6666,
1684 1622 1783 1717 cnjus
1811 1629 1864 1694 est
1888 1623 1941 1695 in·

182 1767 286 1840 itium
311 1775 482 1841 tractatus
508 1768 551 1840 de
578 1768 850 1863 magistratibus,
878 1767 1001 1842 ultima
1018 1768 1231 1867 paragraphi
1256 1768 1539 1865 undevigesimae
1565 1772 1673 1844 verba
1689 1777 1939 1868 protestantur.

98 1901 102 1912 ¹
183 1917 240 1990 Ea
265 1917 355 1990 enim
383 1915 550 2012 indicant,
578 1923 692 2011 antea,
722 1915 783 2010 qui
808 1917 878 1988 sint
896 1917 1122 2013 magistratus
1144 1918 1298 2014 legitimi,
1327 1919 1523 2015 expositum
1550 1942 1636 2013 esse,
1664 1943 1813 2014 quorum
1830 1920 1941 1992 notio-

183 2090 267 2139 nem
292 2065 508 2163 Pomponius
534 2090 604 2138 666
630 2065 859 2163 explicuerat.

283 2223 286 2228 '
334 2213 401 2285 ΠΙ.
427 2214 658 2311 Paragrapho
683 2213 853 2308 vigesima
878 2238 1008 2287 novum
1024 2213 1268 2311 fragmentum,
1297 2215 1401 2310 idque
1419 2217 1617 2316 Pomponii,
1645 2241 1690 2290 ex
1707 2219 1796 2292 libro
1824 2220 1942 2316 singu-

184 2364 252 2436 lari
284 2363 468 2436 enchiridii
502 2364 717 2459 desumtunr,
754 2363 886 2462 incipit.
939 2363 1051 2437 Index
1085 2375 1137 2437 est
1172 2366 1416 2464 paragraphus
1450 2367 1628 2463 trigesima
1666 2375 1812 2463 quarta,
1850 2393 1941 2464 quac

184 2512 423 2610 Pomponium
448 2514 490 2586 de
517 2500 666 2586 tribunis
692 2513 804 2612 plebis
831 2514 1072 2609 aedilibusque
1098 2513 1224 2610 egisse,
1252 2513 1417 2609 declarat,
1446 2515 1603 2611 alterque
1630 2515 1737 2588 index
1763 2525 1816 2590 est
1841 2517 1941 2590 arida

182 2661 325 2733 dicendi
350 2663 449 2758 ratio,
477 2688 567 2760 quac
585 2672 619 2735 et
637 2689 658 2736 a
675 2665 977 2762 paragraphorum
994 2663 1277 2760 praecedentium
1295 2668 1328 2734 et
1353 2687 1374 2734 6
1402 2663 1622 2757 sequentium
1650 2663 1788 2737 1166611
1814 2689 1941 2760 genere

184 2811 289 2884 valde
316 2813 490 2909 abhorret,
518 2837 598 2886 cum
623 2813 809 2912 Pomponii
836 2820 952 2886 autem
978 2812 1117 2885 dicendi
1141 2813 1287 2908 ratione,
1314 2812 1429 2907 qualis
1446 2813 1561 2911 priore
1584 2813 1670 2910 legis
1696 2814 1871 2887 secundae
1898 2813 1940 2885 16

183 2961 318 3057 origine
339 2963 430 3057 juris
455 2970 555 3060 parte
581 2971 738 3061 apparet,
766 2987 910 3061 prorsus
936 2963 1109 3036 convenit.

334 3110 419 3183 ΙΙΠ.
445 3112 693 3209 Paragraphos
720 3113 924 3208 vigesimam
949 3113 1158 3208 secundam,
1186 3115 1344 3208 tertiam,
1373 3122 1535 3209 quartam
1562 3113 1644 3212 Gaji
1670 3137 1762 3210 esse,
1798 3117 1941 3213 exejus

186 3258 275 3332 libro
301 3261 413 3355 primo
441 3262 486 3334 ad
510 3261 624 3357 legem
650 3261 833 3336 duodecim
859 3262 1060 3336 tabularum
1084 3260 1281 3356 desumtas,
1315 3261 1437 3359 Lydus
1461 3263 1623 3360 prodidit.
1675 3265 1728 3337 De
1755 3265 1809 3338 his
1836 3291 1940 3363 para·

181 3409 329 3506 graphis
349 3410 427 3506 jam
454 3434 561 3507 supra
586 3413 784 3486 accuratius
810 3413 968 3510 exposui.
1020 3411 1182 3484 Eundem
1208 3410 1430 3508 scriptorem,
1466 3413 1527 3507 qui
1550 3413 1686 3508 jamin
1713 3416 1938 3512 paragrapho

184 3565 312 3651 quarta
338 3559 381 3630 dc
405 3559 610 3633 decemviris
635 3569 763 3658 egerat,
792 3563 918 3636 iterum
949 3564 986 3635 16
1016 3543 1238 3661 paragrapho
1269 3560 1437 3657 vigesima
1471 3569 1597 3656 quarta
1628 3563 1769 3635 eosdem
1803 3565 1940 3637 decem-

184 3707 278 3779 viros
305 3715 377 3780 tam
400 3707 536 3806 prolixe
561 3708 770 3807 profuseque
796 3719 956 3806 tractare,
981 3736 1087 3807 quarn
1113 3711 1254 3784 minime
1281 3717 1555 3784 consentaneum
1580 3718 1643 3782 est.

335 3857 432 3929 Finis
470 3855 656 3954 fragmenti
693 3857 824 3955 Gajani
862 3859 1005 3932 mutilus
1043 3867 1113 3956 661,
1141 3860 1214 3931 6166
1243 3859 1503 3932 Pandectarum
1538 3860 1827 3957 compositorum,
1865 3861 1939 3933 sive

184 4005 318 4077 librarii
344 4005 492 4103 alicujus
516 4005 631 4104 66166.
682 4007 806 4103 Neque
834 4033 904 4084 666
932 4009 1188 4106 respiciendum
1214 4017 1276 4104 661,
1305 4008 1507 4106 6666166166
1535 4009 1628 4082 circa
1655 4032 1714 4082 eos
1743 4009 1855 4104 locos,
1882 4011 1942 4084 ubi

185 4155 429 4252 inscriptiones
455 4157 627 4230 excidisse
661 4159 842 4256 probabile
882 4165 953 4254 661,
990 4159 1145 4256 ipsorum
1176 4183 1314 4254 quoque
1339 4157 1614 4254 fragmentorum
1638 4159 1746 4230 verba
1773 4160 1940 4234 mendosa

185 4327 263 4376 esse
289 4302 410 4376 videri.

333 4453 378 4525 V.
407 4454 660 4553 Paragraphns
691 4456 859 4552 vigesima
893 4457 1016 4553 quinta
1047 4481 1160 4553 neque
1194 4453 1239 4529 ex
1266 4456 1348 4552 Gaji
1383 4455 1480 4528 libris
1507 4456 1553 4526 ad
1576 4454 1760 4529 duodecim
1788 4457 1939 4553 tabulas

80 4647 88 4653 -
184 4623 298 4694 neque
332 4623 377 4672 ex
403 4601 592 4698 Pomponii·
621 4604 812 4679 enchiridio
846 4607 1006 4682 desumta
1039 4629 1115 4678 6666
1146 4606 1294 4678 videtur.
1351 4607 1449 4696 Quae
1486 4607 1583 4681 initio
1617 4607 1692 4703 ejus
1728 4607 1943 4705 paragraphi

186 4747 350 4844 leguntur
366 4752 474 4823 verba
491 4752 537 4825 ab
555 4753 676 4826 eodem
693 4755 871 4853 scriptore,
898 4758 997 4854 cnjus
1014 4763 1068 4829 est
1086 4754 1329 4856 paragraphus
1353 4754 1521 4850 vigesima
1548 4763 1693 4852 quarta,
1722 4755 1940 4830 continenter

185 4896 245 4968 isti
269 4901 492 4999 paragrapho
520 4903 676 4999 subjecta
701 4927 778 4978 6666
803 4931 874 4980 666
900 4914 1057 5004 possunt,
1085 4905 1215 5002 quippe
1241 4927 1331 4999 quae
1357 4926 1428 4977 666
1454 4909 1528 4975 tam
1553 4911 1632 5000 post
1657 4903 1792 4998 aliquot
1817 4929 1940 5002 annos,

185 5054 373 5141 postquam
399 5047 582 5122 duodecim
605 5051 747 5125 tabulae
774 5053 866 5126 latae
893 5055 973 5149 sint,
999 5053 1131 5126 lactum
1160 5075 1235 5125 esse
1259 5052 1432 5149 indicent,
1468 5060 1508 5126 61
1534 5054 1665 5126 tribuni
1690 5053 1840 5127 mihtum
1869 5079 1942 5128 cre·

75 5307 84 5320 .
183 5199 296 5289 entur,
325 5193 387 5266 sed
413 5221 503 5292 quae
527 5197 745 5296 exprimant,
774 5201 931 5274 tribunos
959 5201 1106 5274 militum
1131 5210 1265 5276 creatos
1302 5225 1397 5298 esse,
1434 5209 1621 5300 postquam
1647 5211 1726 5301 post
1751 5228 1812 5298 ea,
1850 5230 1941 5301 quae

184 5352 290 5418 antea
316 5355 585 5420 commemorata
612 5348 692 5442 sint,
719 5348 903 5422 duodecim
928 5350 1070 5424 tabulae
1094 5351 1186 5425 latae
1213 5377 1254 5426 ac
1281 5353 1406 5426 deinde
1442 5353 1575 5449 aliquot
1601 5355 1685 5426 6661
1711 5355 1943 5454 praeterlapsi
