4970 6428
979 525 1117 624 Al-

168 727 365 826 praemisso
392 725 504 800 Servii
530 725 680 822 nomine,
706 738 740 799 et
766 725 825 798 lex
852 727 910 798 39.
937 727 956 820 ἓ
983 727 1004 796 3
1030 725 1072 797 00
1098 733 1180 800 stat.
1207 725 1268 798 lib.
1286 723 1476 818 confirmet,
1504 724 1540 796 id
1564 725 1680 822 ipsum
1706 749 1923 822 responsum,

168 874 266 969 quod
291 875 369 972 lege
397 877 452 946 14.
479 877 499 969 ᾖ
530 877 547 946 1
576 875 619 947 00
645 881 725 948 0101.
753 874 810 947 lib.
830 873 1059 964 contineatur,
1083 872 1246 968 quodque
1265 872 1470 946 scholiastes
1496 872 1555 944 ille
1578 872 1698 946 Servio
1724 872 1854 966 tribuit,
1873 896 1926 945 re-

166 1047 255 1098 uera
273 1023 386 1096 Servii
404 1047 489 1120 esse,
517 1048 588 1097 non
605 1024 736 1118 dubito,
764 1024 848 1119 quin
866 1022 979 1095 Servii
996 1045 1123 1094 nomen
1141 1022 1177 1094 in
1194 1023 1280 1096 istas
1301 1021 1538 1120 paraphrases
1563 1046 1632 1095 non
1659 1023 1925 1119 interpolatione

168 1172 290 1268 aliqua
309 1174 496 1270 irrepserit,
524 1173 649 1246 sodex
665 1173 877 1270 melioribus,
905 1197 1011 1270 quam
1030 1172 1153 1267 quales
1171 1173 1271 1245 nobis
1288 1180 1428 1269 praesto
1446 1181 1537 1266 sunt,
1556 1137 1814 1246 Pandectarum
1833 1173 1925 1246 codi-

168 1297 270 1394 cibus
292 1322 439 1418 petitum
465 1323 517 1394 sit.
570 1321 766 1418 Responsa,
793 1345 884 1417 quae
909 1321 986 1417 lege
1013 1323 1071 1394 30.
1099 1323 1118 1416 ἕ
1140 1324 1171 1392 1.
1192 1322 1225 1392 2.
1250 1321 1271 1392 3
1299 1321 1363 1395 100.
1383 1322 1614 1417 00011000101,
1642 1320 1854 1394 Scholiastes
1880 1322 1926 1394 ad

167 1455 255 1543 Bas.
275 1471 331 1564 20,
354 1473 385 1564 1,
406 1472 427 1542 3
445 1471 522 1544 idco
542 1470 671 1546 Alleno
689 1471 820 1564 tribuit,
841 1471 925 1566 quia
951 1471 1029 1568 ipsa
1055 1469 1482 1542 10130100011001001.
1532 1468 1719 1567 Responsa
1736 1469 1792 1541 vel
1809 1469 1925 1565 effata,

167 1643 261 1714 quae
289 1619 325 1692 in
352 1619 500 1696 Scholiis
536 1621 581 1694 00
613 1621 696 1694 Βο0.
736 1623 791 1717 13,
820 1623 873 1717 2,,
893 1623 934 1692 11
971 1629 1005 1692 01
1040 1621 1075 1692 in
1102 1619 1250 1692 Scholiis
1287 1617 1331 1690 ad
1367 1616 1449 1690 Bas.
1479 1617 1536 1710 20,
1567 1619 1597 1710 l,
1627 1617 1814 1690 10011001
1850 1642 1927 1692 essa

166 1766 345 1862 dicuntur,
372 1767 519 1842 testibus
546 1767 622 1862 lege
651 1769 696 1838 35
722 1767 765 1840 de
792 1767 856 1841 sol.
883 1775 918 1840 et
953 1768 1030 1864 lege
1066 1766 1500 1840 29100.reverahlfeni
1535 1775 1626 1840 sunt.
1678 1766 1839 1840 Javoleni
1866 1791 1927 1840 no-

168 1939 263 2010 men,
291 1917 386 2012 quod
410 1917 447 1988 in
471 1916 610 1990 Scholio
636 1917 749 2014 primo
775 1916 821 1990 ad
838 1918 922 1990 000.
943 1919 1000 2012 20,
1022 1921 1052 2010 1,
1074 1919 1120 1990 30
1147 1916 1283 2013 legitur,
1309 1940 1380 1990 non
1405 1916 1520 1990 minus
1545 1917 1654 1990 errori
1678 1916 1784 1990 alicui
1808 1917 1927 1990 deberi

166 2066 318 2160 videtur,
348 2091 456 2162 quam
482 2065 646 2140 Javoleni
679 2077 713 2138 st
740 2066 901 2142 Africani
936 2067 1097 2160 nomina,
1132 2089 1281 2161 quorum
1320 2064 1469 2137 alterum
1508 2064 1577 2160 legi
1608 2067 1653 2136 52
1693 2065 1738 2137 00
1771 2064 1837 2160 leg.
1855 2069 1926 2162 Aq.

171 2243 210 2268 =
238 2216 323 2289 Bas.
352 2216 411 2308 60,
441 2215 473 2308 3,
502 2215 563 2308 52,
600 2213 748 2286 alterum
775 2213 844 2310 legi
877 2217 920 2287 16
951 2215 994 2286 00
1021 2237 1110 2288 0011.
1137 2223 1289 2313 corrupt.
1318 2239 1356 2268 =
1383 2213 1467 2286 Bas.
1494 2216 1551 2308 60,
1580 2216 1613 2308 6,
1644 2215 1687 2285 16
1719 2225 1754 2285 01
1784 2213 1854 2310 legi
1880 2214 1925 2284 57

167 2366 211 2438 00
239 2364 339 2438 furtis
368 2393 403 2418 =
432 2364 515 2437 Bas.
544 2364 602 2458 60,
632 2365 686 2456 12,
716 2365 761 2434 57
788 2364 824 2436 in
852 2365 937 2462 ipsis
964 2363 1127 2436 Basilicis
1158 2365 1390 2461 praemissum
1416 2362 1553 2460 legitur.
1604 2361 1770 2435 Similiter
1792 2360 1928 2436 Juliani

167 2537 298 2588 nomen
324 2538 387 2612 pro
415 2513 580 2586 Javoleni
603 2513 742 2586 nomine
768 2513 805 2585 in
831 2512 1066 2610 paraphrasin
1098 2511 1184 2608 legis
1212 2514 1258 2584 25
1285 2512 1328 2584 00
1353 2511 1451 2604 don,
1480 2533 1569 2605 quae
1596 2509 1745 2584 Scholiis
1771 2511 1816 2584 ad
1842 2512 1926 2584 Bas.

168 2662 230 2756 47,
258 2663 289 2756 1,
318 2665 364 2734 24
392 2663 588 2756 exhibetur,
616 2686 731 2735 errore
758 2661 909 2760 irrepsit.

321 2810 390 2900 Qui
415 2811 516 2882 toties
539 2809 813 2905 fragmentorum
847 2810 1110 2907 inscriptiones,
1144 2822 1178 2880 et
1208 2809 1246 2882 in
1272 2809 1357 2906 ipsis
1382 2807 1586 2903 fragmentis
1607 2807 1927 2902 jureconsultorum

168 2960 356 3033 citatorum
381 2959 524 3032 nomina
550 2959 686 3052 omisit,
723 2959 751 3030 is
785 2959 828 3031 de
862 2983 899 3032 se
933 2960 1009 3057 ipso
1042 2959 1142 3053 queri
1167 2959 1289 3050 debet,
1319 2957 1348 3028 si
1373 2957 1410 3028 in
1437 2955 1536 3028 titulo
1562 2979 1701 3050 quoqne
1726 2955 1769 3028 de
1795 2955 1927 3051 origine
1986 3006 1989 3031 1

164 3108 256 3204 juris
282 3108 527 3204 inscriptiones
553 3108 712 3180 omisisse
738 3110 908 3204 arguitur.
960 3108 1101 3182 indoles
1139 3107 1268 3181 codicis
1294 3105 1488 3180 Florentini
1513 3104 1654 3176 minime
1682 3103 1928 3201 impedimento

169 3263 234 3350 est,
263 3255 448 3351 quominus
474 3255 603 3328 multas
628 3257 665 3328 in
691 3257 759 3330 isto
785 3258 886 3333 titulo
911 3259 1157 3356 inscriptiones
1192 3257 1365 3328 excidisse
1400 3263 1573 3353 putemus.
1626 3252 1764 3326 Titulus
1791 3254 1834 3326 de
1861 3256 1929 3328 ori·
1981 3294 1984 3347 1

170 3405 253 3500 gine
273 3404 383 3501 juris,
411 3404 540 3502 quippe
567 3405 627 3499 qui
654 3404 699 3478 ad
726 3405 804 3478 11100
832 3405 1045 3480 dirimendas
1071 3406 1160 3479 nihil
1184 3404 1320 3498 ualeat,
1356 3411 1390 3474 01
1415 3402 1597 3498 agraecis
1620 3401 1868 3496 jureconsultis
1894 3413 1929 3476 01
1980 3368 1985 3458 i

170 3552 471 3648 aglossatoribus
506 3551 641 3624 minimi
664 3575 797 3649 pensus
831 3561 895 3624 001.
946 3556 980 3626 A
1007 3553 1224 3626 Graecorum
1258 3552 1355 3626 libris
1391 3577 1409 3624 0
1440 3552 1630 3626 Ρο0000110
1668 3552 1833 3628 confectis
1867 3561 1929 3628 aut

169 3725 316 3799 prorsus
343 3702 452 3795 abest,
480 3711 542 3773 aut
568 3709 642 3774 tam
659 3701 819 3775 mutilato
846 3726 990 3800 corpore
1008 3711 1112 3798 atque
1131 3725 1190 3776 ore
1215 3701 1360 3797 iuligine
1383 3701 1490 3774 oblito
1514 3712 1671 3798 apparet,
1699 3712 1737 3774 01
1763 3705 1823 3775 vix
1849 3728 1928 3800 cog·

170 3849 270 3922 nosci
296 3859 422 3945 queat,
457 3849 669 3945 glossatores
704 3850 750 3924 ad
785 3875 864 3924 eum
899 3850 1198 3948 interpretandum
1234 3850 1284 3922 nil
1315 3850 1384 3922 nisi
1410 3873 1523 3946 nugas
1550 3850 1752 3924 attulerunt.
1805 3851 1928 3924 Talem

171 3997 313 4070 titulum
338 3997 375 4069 in
401 3997 661 4070 Pandectarum
687 3999 785 4072 libris
812 3999 1058 4095 manuscriptis
1083 3999 1315 4072 crebrioribus
1342 3999 1477 4072 mendis
1504 3999 1676 4094 squalere,
1705 4023 1811 4094 quam
1837 4009 1928 4074 cete·

171 4167 240 4238 100,
269 4151 544 4218 0000001000010
567 4157 632 4219 est.

322 4295 423 4367 Duae
450 4294 544 4368 solae
567 4295 811 4392 inscriptiones
836 4297 873 4368 in
899 4306 970 4370 1010
1003 4297 1104 4370 111010
1140 4297 1362 4394 incorruptae
1394 4305 1619 4370 manserunt:
1653 4298 1785 4394 primae
1821 4297 1927 4393 legis:

172 4443 286 4540 Gajus
321 4443 410 4516 libro
444 4446 555 4542 primo
591 4446 637 4518 ad
673 4446 786 4543 legem
818 4448 1001 4521 duodecim
1035 4447 1253 4540 tabularum,
1288 4455 1323 4517 et
1357 4445 1531 4519 secundae
1568 4445 1673 4541 legis:
1712 4447 1928 4544 Pomponius

172 4593 262 4665 libro
301 4593 472 4689 singulari
501 4595 694 4670 enchiridii.
755 4595 824 4670 Sed
848 4597 924 4693 jam
966 4597 1009 4668 00
1040 4596 1213 4702 secundae
1249 4594 1335 4691 legis
1373 4595 1599 4692 inscriptione
1638 4595 1798 4668 dubitare
1836 4595 1927 4668 licet.

173 4742 342 4832 Quamvis
377 4742 471 4814 enirn
504 4743 609 4816 etiarn
643 4743 680 4815 in
714 4742 826 4816 fronte
862 4743 949 4840 legis
985 4746 1006 4814 2
1043 4743 1087 4816 00
1115 4745 1253 4840 justitia
1287 4757 1321 4816 et
1349 4747 1447 4842 jure,
1486 4754 1521 4816 01
1547 4743 1633 4840 legis
1661 4745 1731 4816 239
1757 4744 1801 4818 00
1819 4744 1865 4816 V.
1892 4743 1927 4816 S.

173 4891 383 4988 inscriptum
419 4891 479 4987 sit,
516 4916 575 4966 eas
609 4915 655 4964 ex
680 4893 867 4989 Pomponii
897 4893 986 4966 libro
1019 4892 1189 4990 singulari
1215 4892 1398 4967 enchiridii
1422 4893 1601 4966 desumtas
1626 4915 1721 4987 esse,
1750 4893 1927 4966 tamenin

173 5039 288 5112 indice
311 5039 514 5116 Florentino
532 5042 719 5140 Pomponii
743 5047 955 5134 ἐγχειριὸϊου
976 5067 1047 5116 non
1072 5042 1162 5115 liber
1186 5041 1385 5138 singularis,
1413 5041 1475 5114 000
1500 5044 1927 5126 01010000000010100-

174 5195 241 5284 tur,
268 5197 302 5260 et
328 5189 507 5286 inscriptio
534 5189 620 5285 legis
650 5191 670 5260 8
697 5191 740 5262 de
766 5191 934 5287 gradibus
972 5193 1100 5266 librum
1133 5193 1284 5290 primum
1310 5190 1495 5264 enchiridii
1521 5191 1716 5288 Pomponii,
1744 5189 1927 5286 inscriptio

175 5345 292 5408 autern
321 5336 407 5432 legis
444 5337 488 5406 13
523 5337 566 5409 00
599 5337 716 5410 tutelis
752 5347 786 5409 et
820 5339 905 5435 legis
940 5339 1011 5413 1οῗ
1049 5339 1091 5412 00
1126 5339 1355 5413 solutionibus
1382 5338 1568 5434 Pomponii
1592 5337 1776 5410 enchiridii
1801 5338 1929 5412 librum
