4970 6428
304 1576 377 1707 (lui
403 1629 587 1726 Pomponii
612 1651 740 1699 nomen
766 1626 972 1723 inscriptum
999 1633 1069 1720 est,
1097 1623 1156 1697 lex
1183 1623 1336 1697 secunda
1362 1624 1405 1696 de
1430 1625 1562 1720 origine
1584 1625 1676 1720 juris
1703 1649 1782 1697 oum
1805 1649 1954 1720 magnas

192 1781 268 1876 jam
296 1779 429 1872 laudes,
456 1787 529 1849 tum
547 1799 672 1872 graves
690 1775 963 1871 uituperationes
987 1773 1179 1870 Pomponio
1206 1773 1405 1846 concitavit.
1456 1771 1571 1845 Alteri
1596 1774 1829 1871 Pomponium
1853 1799 1955 1871 prae-

199 1929 342 2026 cipuum
364 1926 496 1998 fontem
516 1925 681 1996 historiae
698 1922 997 2020 jurisprudentiae
1015 1923 1197 1995 Romanae
1221 1922 1409 2018 celebrant,
1435 1922 1535 1995 alteri
1557 1947 1636 1994 eum
1657 1923 1956 2019 ignarumrerum

199 2077 439 2149 Romanarum
478 2074 728 2171 garrulumque
761 2071 1059 2146 confabulatorem
1093 2069 1308 2168 praedicant.
1370 2069 1524 2143 Videant
1563 2071 1719 2168 utrique,
1766 2097 1809 2143 no
1843 2095 1956 2168 aeque

199 2225 377 2297 l'allantur.
442 2224 621 2318 Antiquae
658 2221 956 2319 jurisprudentiae
1002 2219 1184 2294 Romanae
1224 2220 1486 2316 cognoscendae
1531 2219 1644 2316 legem
1683 2219 1873 2293 secundam
1912 2221 1956 2293 de

200 2373 331 2468 origine
353 2373 444 2470 juris
471 2396 542 2445 non
572 2371 806 2469 spernendum
832 2369 961 2440 fontem
988 2393 1075 2460 esse,
1103 2393 1204 2441 nemo
1230 2377 1346 2464 negat.
1398 2368 1511 2441 Multa
1537 2369 1572 2440 in
1601 2369 1668 2441 ista
1694 2369 1769 2465 lege
1801 2370 1957 2465 mireque
2038 2343 2041 2352 ³

200 2522 349 2596 conficta
364 2522 562 2617 ⁸mendacia
589 2520 736 2614 nanari,
761 2528 866 2615 atque
893 2519 1009 2590 aliena
1026 2518 1148 2591 alienis
1167 2527 1295 2590 temere
1322 2517 1547 2612 commisceri,
1577 2540 1696 2589 omnes
1723 2517 1955 2590 consentiunt.

200 2672 251 2743 At
269 2622 463 2744 caveirdum
490 2680 624 2764 est,'ne
641 2668 835 2766 Pomponio
865 2681 938 2742 tam
963 2669 1130 2741 virtutum
1157 2667 1296 2740 illarum
1321 2691 1427 2762 quam
1454 2691 1610 2740 errorum
1628 2666 1805 2741 relationis
1827 2693 1958 2766 magna

201 2830 368 2917 exparte
394 2819 539 2891 immuni
566 2825 715 2913 utraque
741 2842 884 2915 prorsus
910 2819 1132 2916 imputemus,

351 2968 475 3042 Certus
502 2967 674 3046 narrandi
700 2966 784 3040 ordo
800 2967 846 3038 j„
874 2966 949 3063 lege
977 2967 1130 3040 secunda
1156 2966 1199 3039 de
1226 2967 1357 3064 origine
1377 2968 1468 3063 juris
1495 2967 1716 3061 aliquatenus
1740 2968 1956 3061 observatur,
2033 2943 2036 2949 Δ

202 3118 510 3213 observandusque
528 3117 585 3190 hic
599 3115 670 3190 illic
690 3117 958 3190 demonstratur.
999 3115 1141 3212 Multae,
1163 3141 1253 3212 quae
1271 3117 1307 3188 in
1326 3115 1393 3188 ista
1412 3116 1488 3211 lege
1508 3115 1681 3212 leguntur,
1700 3116 1957 3213 perversitates

201 3267 435 3365 repugnantia
457 3266 636 3339 relationis
663 3267 926 3361 earundumque
953 3291 1069 3338 rerum
1095 3265 1190 3338 haud
1215 3289 1296 3338 rara
1322 3265 1490 3362 repetitio,
1519 3265 1724 3360 magnisque
1751 3265 1959 3360 amhagibus

201 3415 288 3487 miro
323 3414 425 3487 modo
452 3415 564 3486 mixta
590 3415 713 3486 mutila
740 3413 912 3510 quaedam
937 3423 971 3486 et
992 3415 1094 3510 quasi
1116 3415 1298 3486 decurtata
1318 3413 1484 3507 narratio,
1511 3414 1744 3510 negligentiae
1761 3415 1957 3512 Pomponii,

202 3565 301 3660 cujus
328 3565 440 3661 legem
467 3566 570 3638 istam
594 3589 670 3636 esse
692 3565 872 3662 inscriptio
894 3565 1062 3664 perhibet,
1090 3561 1295 3636 tribuendae
1321 3587 1396 3634 esse
1421 3561 1531 3634 videri
1552 3561 1697 3660 possint.
1749 3561 1893 3656 Verum,
1921 3573 1961 3634 ut

203 3713 272 3784 alia
299 3720 446 3808 taceam,
473 3713 871 3810 narrare,praelectum
897 3715 976 3786 urbi
993 3714 1201 3785 Latinarum
1225 3712 1390 3785 feriarum
1417 3735 1525 3784 causa
1551 3711 1785 3785 introductum
1812 3735 1899 3806 esse,
1926 3719 1961 3783 et

203 3861 391 3956 quotannis
424 3863 621 3956 observari,
660 3862 742 3957 quia
778 3861 974 3958 praelectus
1009 3883 1169 3934 annonae
1200 3867 1235 3930 et
1259 3857 1404 3954 vigilum
1428 3882 1498 3930 non
1526 3859 1595 3930 sint
1620 3858 1866 3954 magistratus‘,
1903 3857 1960 3930 rel

203 4010 250 4081 M.
280 3995 443 4084 Porcium
471 4011 650 4106 Catonem,
678 4013 873 4110 principem
895 4009 1223 4105 Porciaelamiliae,
1251 4034 1288 4082 se
1306 4009 1421 4107 ipsum
1443 4018 1599 4082 secutum
1626 4033 1712 4102 esse,
1738 4034 1780 4081 ea
1805 4007 1960 4106 profecto

205 4183 275 4230 non
303 4168 384 4230 sunt
410 4161 487 4230 sani
511 4160 672 4256 hominiS,
699 4161 938 4256 efficiuntque,
969 4168 1008 4232 ut
1035 4171 1096 4231 aut
1122 4135 1366 4256 Pomponium,
1394 4157 1451 4228 vel
1478 4159 1576 4256 cujus
1603 4157 1662 4229 lex
1690 4169 1760 4253 est,
1788 4159 1959 4257 peruersi-

195 4307 285 4378 ·tatis
305 4306 435 4402 ingenii
456 4331 655 4404 arguamus,
683 4319 744 4380 aut
769 4309 880 4404 legem
900 4308 1089 4382 secundam
1107 4307 1150 4380 de
1169 4307 1300 4404 origine
1317 4307 1408 4404 juris
1426 4305 1542 4402 talem,
1568 4307 1682 4402 qualis
1700 4309 1800 4381 nobis
1819 4316 1959 4381 seruata

204 4462 267 4548 est,
294 4479 365 4527 non
392 4453 505 4528 solum
530 4457 731 4554 Pomponii,
757 4481 878 4529 verum
904 4458 1009 4530 ctiam
1037 4456 1189 4553 cujusvis
1218 4455 1308 4527 alius
1335 4455 1513 4552 scriptoris
1540 4479 1616 4527 esse
1642 4479 1819 4552 negemus.

354 4607 430 4678 Lex
459 4607 613 4679 secunda
638 4608 681 4679 de
708 4608 840 4704 origine
861 4608 951 4705 juris
977 4631 1047 4680 nou
1074 4631 1114 4680 eo
1140 4615 1276 4680 tantum
1300 4613 1463 4704 corrupta
1490 4629 1565 4678 esse
1592 4605 1739 4699 uidetur,
1768 4605 1860 4700 quod
1889 4606 1958 4678 sin·

205 4754 308 4850 gulae
334 4755 408 4850 ejus
434 4763 553 4852 partes
579 4755 793 4852 depravatae
820 4765 911 4850 sunt,
938 4757 997 4828 sed
1022 4758 1099 4854 ipsa
1126 4756 1183 4830 lex
1202 4780 1272 4829 non
1299 4743 1367 4829 nisi
1394 4757 1545 4856 speciem
1571 4757 1676 4828 unius
1699 4754 1785 4851 legis
1811 4779 1895 4852 prae
1922 4779 1959 4826 se

205 4903 295 4975 lerre
318 4903 473 4998 videtur,
509 4927 632 4977 revera
666 4929 710 4977 ex
745 4906 862 4980 multis
899 4907 1115 4980 diversorum
1141 4908 1380 4981 Romanorum
1411 4904 1729 5005 jureconsultorum
1755 4905 1959 5002 fragmentis

207 5052 456 5148 conglutinata.

354 5203 436 5274 Jam
471 5204 548 5300 ipsa
585 5203 672 5298 legis
707 5206 880 5278 secundae
913 5205 955 5276 de
990 5204 1122 5300 origine
1153 5206 1243 5302 juris
1276 5205 1410 5279 indoles
1444 5230 1521 5278 eam
1557 5205 1790 5304 suspicionem
1824 5213 1959 5302 moret,

207 5360 354 5447 augetur
377 5376 418 5424 ea
446 5352 597 5449 suspicio
624 5353 669 5425 ab
695 5351 833 5425 Joanne
860 5353 1050 5425 Laurentio
1078 5353 1188 5450 Lydo,
1215 5353 1494 5452 historiographo
1521 5354 1729 5452 Byzantino.

648 5595 668 5634 Ο
