4970 6428
997 535 1139 632 „le—

187 737 307 834 Gajus
334 737 422 809 libro
450 737 602 809 secundo
635 736 891 808 institutionum
926 737 946 830 ξ
974 737 1044 807 218
1070 735 1192 838 refert,
1227 736 1313 831 quid
1338 735 1481 808 Juliano
1507 743 1542 806 et
1576 736 1682 808 Sexto
1708 736 1879 834 placuerit
1888 735 1948 833 4ῖ);

187 884 310 982 ipsum
335 853 537 979 Julianum,
569 885 654 980 quid
679 885 808 958 Sextus
844 894 878 956 et
907 885 1122 982 Pomponius
1149 884 1351 976 retulerint,
1388 909 1691 982 commemorasse,
1727 894 1833 959 testes
1868 893 1950 959 sunt

184 1035 370 1109 Vaticana
395 1036 592 1132 fragmenta
624 1035 679 1128 (fr.
706 1036 767 1131 88)
791 1053 835 1128 et,
864 1035 894 1106 si
920 1033 1005 1107 fides
1031 1033 1194 1107 habenda
1225 1041 1278 1106 est
1304 1033 1521 1107 Scholiastae
1547 1036 1592 1107 ad
1617 1036 1701 1108 Bas.
1732 1038 1787 1128 12,
1818 1039 1849 1131 l,
1878 1039 1948 1132 61,

184 1185 250 1258 lex
278 1187 336 1256 63.
364 1187 383 1279 ξ
411 1185 432 1255 9
459 1209 522 1282 pro
559 1181 715 1279 sooio⁴⁸).
767 1183 914 1256 Sextum
939 1183 1058 1278 illum,
1091 1193 1230 1282 praeter
1255 1183 1488 1281 Pomponium
1513 1185 1749 1280 nominatum,
1775 1187 1949 1261 neminem

186 1336 301 1410 alium
326 1357 412 1426 esse,
440 1356 547 1426 quam
564 1331 711 1404 Sextum
728 1329 919 1404 Caecilium
938 1331 1157 1426 Africanum,
1185 1333 1303 1429 palam
1329 1339 1382 1403 est
1392 1333 1443 1427 ⁴⁴).
1495 1333 1655 1428 Denique
1680 1334 1716 1406 in
1734 1335 1948 1432 praefatione

187 1487 365 1582 epitomae
394 1483 510 1578 legrurr
537 1487 652 1553 exstat
677 1481 800 1553 relatio
826 1480 1084 1577 hujuscemodi:

337 1636 396 1700 καὶ
415 1637 501 1720 ¹(rard
524 1636 626 1699 ταῦτα
648 1634 822 1716 Ἁδριανὸς
846 1635 865 1698 ὁ
888 1636 1054 1716 βασιλεὺς
1077 1635 1252 1715 ἐπιτρέπει
1273 1635 1445 1716 Ἰοιιλιανῴ
1472 1644 1518 1718 τῷ
1539 1642 1670 1722 vagam?
1691 1639 1776 1722 μετὰ
1799 1635 1954 1720 >leodico

187 1789 388 1872 Koprala'oo
411 1786 649 1872 συλλέξασθαι
670 1789 841 1870 ἐπιμελῶς
865 1785 923 1848 καὶ
944 1784 1030 1848 κατὰ
1052 1782 1148 1870 τάξιν
1171 1785 1399 1848 c‘raomhuioct
1422 1788 1462 1848 ad
1483 1786 1617 1870 ιὀμικά.

338 1932 411 2004 Sub
449 1931 515 2004 hoc
550 1953 689 2026 quoque
724 1931 874 2001 obscuro
900 1930 1012 2002 Servii
1043 1929 1195 2002 Cornelii
1227 1929 1368 2002 nomine
1399 1929 1544 2004 Sextum
1575 1931 1765 2005 Caecilium
1798 1932 1946 2027 latitare,

190 2079 413 2180 suspicor⁴⁵).

345 2231 532 2302 Africanus
558 2230 595 2301 in
621 2228 719 2301 libris
737 2229 981 2326 quaestionum
999 2236 1072 2300 tam
1088 2227 1223 2300 Juliani
1249 2223 1355 2323 quam
1381 2253 1445 2300 sua
1472 2229 1580 2324 ipsius
1607 2253 1775 2326 responsa
1801 2231 1948 2304 collecta

189 2380 403 2471 exhibuisse,
431 2388 464 2449 et
490 2378 783 2476 disputationibus
810 2377 954 2473 adjectis
980 2376 1210 2448 illustravisse
1248 2376 1395 2448 videtur.
1447 2376 1608 2450 Aliorum
1629 2379 1948 2474 jureconsultorum
2009 2448 2011 2457 .

189 2551 364 2626 responsa
390 2549 460 2597 non
486 2525 623 2596 ridetur
649 2523 822 2620 recepisse
831 2521 883 2618 46).
935 2523 1196 2596 Oonnexionem
1231 2523 1387 2619 aliquam
1420 2527 1510 2597 iuter·
1535 2525 1695 2599 Africani
1725 2531 1947 2623 quaestiones
2011 2552 2015 2628 ¹,

192 2747 306 2803 omissa
327 2743 447 2804 Juliani
467 2746 679 2823 responsione,
711 2741 860 2802 retulisse.
905 2739 988 2816 Quid
1018 2741 1114 2801 illud:
1146 2741 1227 2820 apud
1250 2741 1410 2801 Julianum
1434 2745 1565 2822 quaerit,
1589 2742 1647 2803 sibi
1669 2745 1757 2812 velit,
1781 2747 1947 2807 ostendunt

191 2899 219 2937 e.
244 2901 273 2952 g.
296 2878 346 2938 lex
369 2880 408 2936 77
430 2887 459 2936 et
481 2879 518 2936 79
547 2899 601 2957 pro
624 2879 719 2948 socio,
747 2886 776 2934 et
802 2877 851 2935 lex
877 2879 895 2936 6
922 2878 974 2955 qui
996 2885 1026 2934 et
1047 2895 1066 2933 a
1087 2873 1169 2955 quib.
1190 2878 1367 2935 manumiss.
1411 2875 1458 2935 Ibi
1481 2876 1595 2937 Paulus
1617 2877 1699 2957 apud
1721 2878 1894 2948 Proculum,
1918 2890 1947 2939 et

193 3011 345 3072 Scaevola
367 3012 450 3092 apud
473 3012 634 3071 Julianum
657 3021 817 3092 quaerunt,
843 3013 862 3070 i.
886 3031 911 3070 e.
935 3009 1059 3068 Proculi
1081 3018 1110 3068 et
1132 3007 1252 3068 Juliani
1278 3011 1368 3068 effata
1399 3011 1429 3068 iu
1452 3009 1537 3069 libris
1563 3013 1772 3091 quaestionum
1800 3031 1948 3071 commen·

190 3155 308 3204 tantur.
353 3145 499 3205 Similiter
521 3146 684 3208 Africanus
706 3147 737 3203 iu
761 3144 847 3203 libris
870 3145 1080 3223 quaestionum
1103 3153 1147 3213 et,
1175 3145 1200 3200 si
1222 3141 1346 3222 Ulpiani
1372 3144 1544 3221 fragmento
1567 3143 1641 3203 fides
1664 3143 1807 3204 habenda
1830 3154 1887 3216 est,
1915 3148 1947 3203 in

191 3277 280 3337 libris
308 3279 505 3358 epistularum
532 3278 652 3339 Juliani
679 3279 761 3338 dicta
786 3286 1005 3337 commentatus
1029 3286 1084 3336 est.
1129 3275 1177 3336 cf.
1204 3273 1275 3353 Gaj.
1298 3274 1343 3344 Il,
1372 3279 1453 3335 154:
1480 3283 1663 3354 quamquam
1687 3275 1769 3355 apud
1793 3276 1946 3336 Fufidium
2018 3257 2021 3261 .

193 3411 309 3472 Sabino
334 3413 464 3492 placeat.
494 3407 653 3495 (Huschke
679 3415 827 3472 assentire
852 3431 912 3470 non
940 3429 1076 3490 possum,
1104 3411 1156 3488 qui
1179 3417 1278 3488 putat,
1306 3406 1414 3466 Sabini
1440 3410 1621 3467 seutentiam
1644 3429 1662 3467 a
1685 3407 1806 3469 Fufidio
1829 3410 1946 3469 referri.

193 3547 249 3628 (ad
272 3545 344 3626 Gaj.
367 3546 408 3618 ll,
431 3548 515 3628 218.)
559 3546 627 3624 Quo
651 3557 785 3626 tempore
807 3544 946 3605 Fufidius
967 3544 1092 3614 vixerit,
1121 3563 1182 3601 nou
1210 3541 1352 3618 constat.)
1394 3538 1416 3602 l.
1440 3543 1457 3600 9
1481 3539 1518 3599 de
1541 3541 1579 3600 V.
1603 3540 1649 3600 S.:
1678 3542 1760 3621 apud
1786 3542 1946 3604 Julianum

192 3679 358 3738 Marcellus
380 3688 474 3740 notat.
519 3676 539 3740 l.
566 3688 613 3744 lo.
638 3681 657 3758 ξ
680 3681 698 3738 5
720 3678 804 3759 quib.
828 3676 909 3736 mod.
933 3675 1044 3734 usufr.:
1072 3673 1152 3754 apud
1178 3673 1319 3752 Ursejum
1346 3673 1470 3732 Cassius
1497 3671 1611 3732 scribit.
1659 3673 1733 3733 Post
1755 3675 1849 3736 verba
1870 3681 1947 3756 legis

192 3815 242 3872 28.
265 3814 285 3890 ξ
310 3815 328 3870 3
353 3811 389 3870 de
413 3813 483 3872 don.
508 3816 562 3872 int.
585 3815 642 3872 vir.
666 3821 695 3871 et
717 3832 784 3870 ux.:
808 3809 889 3890 apud
912 3808 1066 3868 Plautium
1092 3807 1222 3886 placuit,
1248 3807 1296 3863 cui
1319 3808 1494 3885 placuisset,
1522 3809 1708 3886 negligentia
1730 3808 1848 3869 librarii
1870 3815 1948 3870 exci-

191 3945 281 4016 disse,
305 3948 451 4026 suspicor·.
495 3947 581 4006 Alius
603 3965 708 4004 sensus
730 3954 776 4004 est
797 3944 979 4003 verborum:
1006 3941 1088 4023 apud
1115 3941 1274 4000 Julianum
1297 3943 1463 4020 quaeritur,
1486 3944 1517 4000 in
1541 3938 1561 4002 l.
1585 3945 1635 4002 39.
1659 3944 1678 4020 ξ
1700 3949 1717 4004 2
1742 3943 1780 4002 de
1802 3964 1894 4023 proc,
1918 3955 1948 4005 et

190 4077 372 4136 verborum:
396 4077 479 4157 apud
501 4080 641 4156 antiquos
661 4075 873 4156 quaerebatur,
897 4078 928 4133 iu
950 4096 976 4133 c.
1001 4081 1037 4136 21
1062 4095 1108 4154 pr.
1132 4073 1169 4133 de
1189 4075 1287 4133 furtis.
1331 4073 1378 4132 lbi
1394 4077 1443 4135 illa
1466 4072 1560 4134 verba
1582 4077 1765 4153 significant,
1787 4077 1946 4138 Julianum

190 4213 237 4269 vel
261 4213 403 4289 antiquos
425 4212 621 4290 quaesivisse.

361 4343 399 4422 ⁴²)
422 4341 526 4401 Dubia
541 4339 612 4421 Gaji
627 4341 723 4400 verba
739 4351 822 4416 sunt,
844 4343 876 4399 iu
890 4339 969 4400 libro
985 4342 1191 4420 manuscripto
1207 4343 1317 4418 legitur
1332 4341 1457 4402 Juliano
1475 4363 1512 4400 ex
1532 4341 1633 4401 Sexto.
1678 4341 1777 4418 Quam
1801 4343 1946 4403 Huschke

192 4478 222 4533 in
246 4474 318 4553 Gaji
342 4474 474 4534 editione
495 4475 661 4552 proposuit,
684 4472 792 4532 horum
825 4469 988 4534 verborum
1022 4474 1233 4551 interpretatio
1265 4475 1430 4532 contortior
1456 4483 1508 4544 est,
1543 4493 1632 4553 quam
1666 4493 1743 4554 quae
1776 4495 1850 4534 vera
1881 4495 1946 4536 esse

190 4610 288 4668 videri
310 4611 414 4689 possit.
458 4606 641 4666 Emendatio
663 4610 729 4678 illa,
758 4627 848 4686 quam
875 4607 1043 4666 Mommsen
1070 4607 1190 4678 laudat,
1218 4625 1371 4688 quamque
1393 4609 1559 4666 intextum
1582 4609 1692 4686 recepi,
1715 4612 1813 4687 magis
1835 4613 1945 4688 placet.

191 4743 238 4804 Of.
260 4743 438 4811 Mommsen,
461 4742 491 4800 in
515 4739 687 4799 Zeitschritt
708 4741 729 4798 f.
754 4738 969 4818 Rechtsgesch.
992 4739 1062 4810 Vll,
1085 4760 1114 4819 p.
1138 4741 1209 4799 479.

355 4873 397 4954 ⁴³)
420 4873 457 4931 ln
479 4875 546 4953 ipsa
568 4877 633 4951 lege
657 4875 706 4933 63.
729 4874 749 4952 ξ
771 4875 789 4932 9
812 4894 867 4952 pro
889 4875 970 4933 socio
992 4876 1123 4952 legitur:
1146 4873 1188 4931 Et
1210 4875 1254 4932 ait
1274 4874 1427 4944 Julianus,
1451 4873 1574 4934 Sextum
1597 4874 1799 4954 Pomponium
1822 4874 1955 4935 referre.-

354 5007 393 5086 ⁴⁴)
415 5007 453 5066 cl.
477 5007 654 5077 Mommsen,
677 5008 708 5064 in
731 4981 903 5066 Zeitschrift
924 5007 946 5064 f.
971 5005 1185 5084 Rechtsgesch.
1211 5004 1280 5076 Vll,
1302 5026 1332 5084 p.
1355 5006 1425 5062 479.

354 5141 393 5220 ⁴³)
415 5143 454 5200 cl.
477 5139 614 5210 Rudorff,
638 5147 712 5199 rbm.
738 5138 1025 5219 Rechtsgeschichte
1047 5137 1071 5211 I,
1094 5140 1113 5218 ξ
1136 5140 1185 5198 97.
1209 5150 1271 5199 not.
1295 5146 1324 5200 2.

354 5275 393 5356 ⁴⁰)
411 5274 449 5334 cl.
474 5273 619 5352 Cujacius
646 5272 701 5332 sub
727 5275 846 5332 initium
874 5281 1059 5332 tractatuum
1087 5269 1123 5332 de
1151 5272 1308 5331 Africano.
1356 5271 1392 5330 In
1418 5269 1439 5333 l.
1467 5274 1505 5331 38
1533 5292 1579 5350 pr.
1613 5271 1651 5331 de
1677 5270 1807 5331 condiet.
1841 5270 1944 5332 iudeb.

188 5431 243 5489 pro
265 5407 435 5488 Respondit
456 5406 610 5487 Respondi
633 5405 794 5485 legendnm
818 5427 882 5467 esse
905 5405 1037 5466 videtur.
