4970 6428
972 513 1116 612 —as-

261 759 264 766 ·
317 730 417 820 Quod
434 753 517 804 vero
534 730 671 804 initium
689 740 724 802 et
741 731 819 826 quis
837 731 916 804 finis
934 733 1151 829 singulorum
1169 732 1453 830 fragmentorum,
1481 757 1572 829 quae
1598 734 1635 805 in
1662 733 1737 830 lege
1764 735 1920 806 secunda

166 880 209 953 de
238 881 371 977 origine
392 881 483 977 juris
509 879 645 952 latent?

308 1031 336 1102 Ι.
363 1031 473 1104 'lotus
500 1030 542 1104 de
569 1030 702 1127 origine
725 1037 831 1125 atque
856 1051 1023 1126 processu
1049 1029 1140 1125 juris
1166 1029 1406 1102 Romanorum
1440 1037 1630 1125 tractatus,
1662 1032 1723 1126 qui
1749 1032 1920 1131 principio

166 1186 202 1252 et
227 1179 460 1278 paragraphis
484 1180 667 1253 duodecim
691 1179 866 1276 prioribus
893 1177 1097 1272 absolvitur,
1123 1201 1246 1250 revera
1269 1177 1454 1274 Pomponii
1479 1201 1556 1250 asse
1580 1178 1726 1272 videtur,
1755 1179 1830 1252 sola
1853 1181 1921 1254 for·

166 1335 261 1402 tasse
287 1329 416 1425 exigua
442 1327 655 1426 paragraphi
681 1334 827 1422 quartae
851 1334 951 1425 parte
977 1326 1210 1424 aPompouio
1235 1326 1362 1398 aliena.
1413 1325 1456 1397 In
1482 1327 1549 1398 ista
1574 1326 1796 1424 paragrapho
1818 1327 1922 1402 Pom-

166 1477 312 1574 ponius,
338 1477 532 1574 placuisse,
560 1476 627 1570 ait,
652 1475 794 1573 publica
820 1475 1025 1547 auctoritate
1051 1472 1170 1546 decem
1195 1473 1360 1546 constitui
1383 1474 1495 1568 viros,
1521 1498 1584 1572 per
1607 1497 1695 1568 quos
1722 1481 1923 1571 peterentur

167 1625 264 1722 leges
291 1650 312 1699 a
330 1625 476 1698 Graecis
495 1625 705 1720 civitatibus,
732 1631 767 1696 et
785 1623 908 1698 civitas
925 1622 1132 1696 fundaretur
1149 1621 1295 1718 legibus.
1346 1623 1418 1696 Eas
1438 1623 1531 1719 leges
1549 1623 1584 1695 in
1612 1623 1752 1696 tabulas
1778 1625 1922 1696 aborsus

167 1774 382 1872 perscriptas
417 1797 480 1872 pro
514 1773 635 1844 rostris
669 1772 923 1869 composuisse,
959 1779 997 1844 ut
1029 1779 1172 1869 possent
1205 1773 1299 1868 leges
1333 1773 1487 1870 apertius
1511 1774 1656 1870 percipi.
1707 1770 1842 1846 Deinde
1869 1772 1922 1846 his

167 1925 285 1997 verbis
311 1925 487 2021 pergitur:

515 2073 716 2168 Datumque
750 2079 802 2144 est
834 2073 884 2144 eis
913 2072 972 2169 jus
1007 2095 1047 2145 eo
1083 2095 1177 2146 anno
1213 2072 1249 2144 in
1285 2074 1425 2147 civitate
1453 2097 1645 2168 summum,
1682 2073 1733 2146 uti
1771 2073 1865 2170 leges
1891 2085 1926 2144 et

287 2208 291 2216 ¹
367 2222 590 2318 corrigerent,
617 2222 648 2293 si
673 2245 761 2319 opus
777 2227 881 2316 esset,
908 2228 943 2294 et
959 2221 1282 2318 interpretarentur,
1309 2245 1423 2318 neque
1448 2223 1650 2320 provocatio
1676 2223 1808 2317 abeis,
1836 2223 1927 2296 sicut

367 2397 388 2444 a
414 2371 557 2467 reliquis
583 2359 843 2468 magistratibus
868 2371 976 2442 fieret.

318 2521 384 2594 Jus
423 2519 709 2616 corrigendarum
747 2519 1157 2617 interpretandarumque
1200 2520 1315 2620 legum
1351 2522 1555 2594 decemviris
1594 2545 1798 2608 concessum
1837 2545 1922 2610 esse,

167 2678 359 2768 antequam
386 2672 480 2768 leges
506 2671 552 2743 ab
578 2670 664 2767 ipsis
690 2669 905 2767 conscriptas
932 2694 995 2768 pro
1021 2671 1149 2744 nostris
1175 2672 1439 2770 proposuerint,
1466 2671 1585 2769 palam
1611 2679 1685 2766 est,
1712 2695 1826 2767 neque
1852 2679 1924 2744 tam

167 2823 294 2895 harum
320 2825 365 2896 ab
392 2823 476 2920 ipsis
503 2820 793 2918 compositarum,
829 2841 936 2915 quam
967 2819 1194 2892 vetustiorum
1221 2820 1461 2892 Romanarum
1496 2819 1552 2891 vel
1578 2844 1600 2892 a
1626 2819 1773 2892 Graecis
1801 2821 1924 2893 eivita-

170 2972 265 3044 tibus
299 2949 488 3069 petitarum
525 2970 641 3065 legum
675 2967 958 3063 corrigendamm
995 2966 1171 3040 licentiam
1206 2968 1255 3039 eis
1291 2932 1411 3040 datam
1445 2991 1539 3060 esse,
1582 2967 1923 3041 commemorandum

170 3126 257 3193 erat.
308 3119 406 3192 Inter
432 3118 563 3191 claram
602 3115 759 3211 alioquin
790 3122 825 3187 et
855 3114 1069 3212 pellucidam
1107 3117 1292 3214 Pomponii
1324 3117 1561 3190 narrationem
1587 3117 1812 3189 enunciatum
1837 3115 1922 3188 illud

170 3295 214 3342 ex
242 3268 311 3342 alio
337 3267 506 3366 scriptore
532 3266 730 3338 desumtum
757 3289 778 3337 a
804 3263 1062 3337 Pandectarum
1097 3266 1386 3363 compositoribus
1422 3266 1641 3362 interjectum
1674 3288 1750 3338 esse
1776 3265 1923 3338 videtur.

170 3417 292 3511 Aliae,
320 3437 410 3510 quae
436 3414 473 3486 in
499 3413 613 3511 priore
639 3411 726 3508 legis
752 3411 926 3484 secundae
956 3412 1000 3486 de
1025 3413 1158 3510 origine
1178 3415 1269 3511 juris
1292 3421 1392 3512 parte
1418 3415 1599 3512 leguntur,
1635 3414 1925 3487 inconcinnitates

170 3565 305 3639 librarii
330 3564 478 3660 ahcujus
503 3561 661 3634 inscitiae
688 3560 807 3634 deberi
830 3561 1011 3657 videntur,
1046 3563 1107 3658 qui
1142 3564 1178 3636 in
1204 3564 1443 3639 describendis
1469 3565 1655 3663 Pomponii
1691 3563 1805 3638 verbis
1831 3585 1925 3635 erra·

171 3715 269 3810 verit,
295 3714 351 3786 vel
377 3715 533 3786 diversas
560 3711 715 3807 ejusdem
740 3711 918 3783 enunciati
944 3709 1111 3784 lectiones
1138 3715 1260 3785 ambas
1288 3714 1467 3812 receperit.

319 3865 437 3938 Etiam
462 3862 637 3936 secundae
656 3863 766 3959 partis
791 3861 877 3958 legis
895 3861 1070 3934 secundae
1089 3863 1132 3935 de
1155 3863 1287 3958 origine
1299 3864 1401 3960 juris,
1426 3865 1462 3935 iu
1488 3887 1560 3959 qua
1587 3863 1630 3935 de
1656 3863 1925 3958 magistratuum

168 4015 368 4088 nominibus
407 4020 512 4108 atque
547 4011 679 4107 origine
710 4011 843 4107 agitur,
880 4013 1017 4085 initium
1051 4013 1236 4112 Pomponii
1272 4037 1347 4086 esse
1386 4013 1524 4086 videtur
1558 4037 1669 4108 usque
1704 4012 1750 4085 ad
1776 4013 1926 4085 mediam

168 4161 431 4264 paragraphum
457 4169 594 4233 sextam
620 4161 804 4235 decimam.

318 4311 366 4384 Il.
394 4311 437 4383 In
462 4310 577 4384 media
604 4310 826 4408 paragrapho
853 4318 954 4384 sexta
981 4312 1268 4385 decimanorum
1292 4313 1526 4410 fragmentum
1554 4313 1685 4411 incipit,
1713 4313 1817 4409 idque
1845 4313 1926 4411 Gaji

168 4484 212 4532 ex
247 4461 321 4556 ejus
354 4460 443 4532 libro
476 4460 588 4557 primo
622 4458 667 4531 ad
703 4459 814 4555 legem
850 4459 1033 4532 duodecim
1068 4460 1269 4533 tabularum
1305 4461 1514 4534 desumtum.
1576 4461 1677 4552 Quod
1709 4484 1779 4554 quo
1814 4464 1926 4559 magis

169 4609 359 4702 illucescat,
387 4608 492 4681 altius
520 4606 746 4704 repetendum
772 4616 835 4680 est.

317 4757 483 4830 Similiter
507 4758 605 4829 utin
630 4757 852 4855 paragrapho
879 4758 1104 4851 duodecima,
1141 4759 1246 4831 etiam
1281 4759 1316 4830 in
1346 4761 1569 4858 paragrapho
1593 4761 1773 4857 trigesima
1800 4767 1928 4856 quarta

168 4907 383 5004 Pomponius
411 4951 458 4962 -
484 4931 566 4980 nam
593 4909 855 5006 paragraphum
881 4931 1020 5004 quoque
1046 4909 1261 5004 trigesimam
1285 4917 1447 5004 quartam
1473 4909 1660 5006 Pomponii
1686 4933 1777 5004 esse,
1804 4908 1927 5006 Lydus

168 5055 368 5152 coufirmat,
398 5101 444 5110 —
476 5081 565 5153 quae
603 5065 708 5129 antea
737 5058 946 5131 luculentius
981 5067 1210 5156 exposuerat,
1251 5058 1373 5156 paucis
1408 5059 1543 5156 repetit.
1577 5029 1662 5132 ’Ea
1696 5058 1855 5156 repetitio
1891 5058 1927 5128 in

169 5203 389 5301 paragrapho
416 5204 622 5278 duodecima
647 5207 872 5279 exactissima
897 5214 960 5301 est,
988 5231 1101 5302 neque
1127 5217 1190 5301 est,
1218 5233 1281 5281 cur
1298 5217 1472 5306 putemus,
1499 5210 1733 5307 Pomponium
1761 5209 1796 5280 in
1823 5231 1927 5305 para·

1781 5377 1799 5434 4
