4970 6428
339 697 424 770 XV.
450 697 598 770 Verbis:
626 695 751 768 deinde
777 696 919 768 Marcus
943 693 1042 788 Cato,
1069 717 1199 765 norum
1216 691 1450 786 fragmentum
1476 689 1628 787 incipere
1652 689 1799 762 videtur.
1851 689 1946 762 Nam

185 855 250 920 aut
275 847 362 923 haeo
389 851 515 944 verba,
552 855 614 920 aut
648 871 738 943 quae
764 845 997 943 praecedunt,
1033 842 1200 916 mendosa
1228 837 1377 933 suntl'),
1411 847 1472 912 aut
1498 838 1596 911 nulla
1621 839 1762 911 omnino
1789 839 1879 911 inter
1904 864 1946 912 ea

188 997 390 1095 conjunctio
417 1004 543 1070 exstat.

339 1145 442 1218 XVI.
470 1146 633 1218 Ceterum
660 1144 695 1216 id
722 1167 864 1240 quoque
887 1141 1122 1238 fragmentum
1156 1141 1325 1237 perbreve
1359 1144 1424 1210 est.
1475 1135 1569 1210 Nam
1600 1135 1698 1208 initio
1732 1140 1947 1236 paragraphi

187 1294 389 1392 trigesimae
415 1318 529 1367 nonae
555 1292 815 1366 Pandectarum
842 1291 1090 1388 compositores
1117 1290 1304 1363 iterumad
1323 1287 1422 1361 illum
1449 1288 1653 1386 scriptorem
1679 1311 1716 1358 se
1734 1289 1946 1360 convertisse

187 1444 364 1540 videntur,
393 1444 492 1539 cujus
515 1441 754 1538 'fragmentum
780 1441 816 1512 in
842 1439 1075 1539 paragraphis
1101 1439 1280 1536 trigesima
1314 1437 1462 1535 septima
1491 1443 1525 1509 et
1550 1443 1675 1510 octava
1701 1435 1945 1509 exhibuerunt.

187 1593 340 1664 Publius
366 1592 504 1664 Mucius
532 1599 566 1663 et
591 1591 723 1662 Brutus
749 1597 783 1661 et
809 1589 975 1662 Manilius
1001 1597 1080 1688 post
1106 1589 1251 1662 Catonis
1285 1585 1443 1660 Censorii
1476 1585 1587 1658 filium
1621 1586 1751 1658 vixisse
1782 1585 1850 1658 dici
1876 1611 1947 1659 non

190 1747 359 1838 possunt3
386 1739 625 1834 narrandique
650 1739 755 1833 ratio,
791 1737 906 1834 qualis
939 1739 975 1809 in
1001 1737 1233 1836 paragraphis
1256 1736 1639 1833 undequadragesima,
1665 1735 1945 1831 quadragesima,

188 1890 464 1986 quadragesima
490 1889 604 1986 prima
620 1896 727 1983 atque
745 1887 843 1960 initio
862 1888 1151 1983 quadragesimae
1169 1887 1342 1960 secundae
1369 1893 1526 1984 apparet,
1552 1885 1674 1957 cadem
1699 1891 1752 1956 cst
1778 1909 1820 1957 ac
1845 1909 1947 1984 para-

190 2037 319 2134 graphi
345 2037 761 2134 duodequadragesimae.

339 2185 462 2257 XVII.
490 2185 533 2257 In
560 2186 676 2258 media
699 2185 924 2283 paragrapho
951 2185 1221 2281 quadragesima
1247 2183 1422 2279 secunda,
1447 2207 1578 2256 novum
1603 2181 1836 2278 fragmentum
1862 2183 1947 2255 inci-

188 2358 285 2432 pere,
313 2327 395 2432 Gaji
430 2359 557 2408 nomen
583 2335 735 2429 indicat,
771 2335 814 2406 de
848 2358 918 2430 quo
952 2358 1059 2431 supra
1086 2333 1245 2406 disserui.
1297 2333 1419 2406 Genus
1444 2333 1656 2406 narrationis
1682 2357 1821 2428 aarum,
1857 2356 1947 2429 quae

189 2491 396 2578 sequuntur,
424 2483 726 2581 paragraphorum
751 2483 856 2582 plane
883 2483 979 2556 alind
1005 2493 1068 2577 est,
1096 2507 1203 2579 quam
1228 2485 1523 2581 praecedentium.

340 2631 481 2704 XVIII.
521 2623 589 2705 Sed
627 2633 693 2706 hoo
731 2631 964 2729 fragmentum
1009 2631 1186 2730 Gajanum
1219 2633 1295 2729 jam
1334 2638 1414 2704 ante
1463 2631 1568 2704 finem
1605 2631 1821 2729 paragraphi
1862 2660 1948 2731 qua·

190 2781 411 2877 dragesimae
438 2781 612 2854 secundae
638 2782 729 2855 finiri
757 2782 904 2854 videtur.
957 2781 1030 2854 sub
1064 2781 1200 2854 initium
1236 2781 1450 2879 paragraphi
1485 2783 1775 2880 quadragesimae
1801 2794 1948 2880 quartae

190 2930 317 3002 iterum
342 2930 577 3028 fragmentum
603 2933 780 3030 Gajanum
808 2933 971 3029 incipere,
1000 2955 1106 3028 supra
1131 2929 1262 3004 monui.
1330 2929 1426 3002 Inter
1456 2930 1554 3028 prius
1586 2931 1673 3005 illud
1708 2957 1750 3006 ao
1776 2933 1948 3028 posterius

188 3079 424 3174 fragmentum
451 3079 630 3177 Gajanum
656 3079 746 3152 alius
773 3079 952 3177 scriptoris
978 3077 1212 3174 fragmentum
1239 3078 1484 3152 intercalatum
1509 3078 1616 3152 hrisse
1643 3081 1858 3178 opinandum
1884 3089 1947 3154 est.

190 3229 361 3324 Alioquin
389 3229 582 3326 intelligere
608 3254 678 3302 non
705 3229 834 3324 liceret,
860 3228 1034 3324 quomodo
1053 3226 1135 3325 Gaji
1153 3251 1280 3300 nornen
1298 3226 1396 3302 initio
1414 3229 1629 3326 paragraphi
1659 3230 1949 3328 quadragesimae

191 3385 338 3473 quartae
368 3403 412 3450 ex
438 3378 664 3475 inscriptione
690 3379 726 3450 in
753 3385 888 3451 textum
914 3379 1066 3476 irrepere
1092 3378 1280 3476 potuisset,
1315 3401 1395 3452 oum
1429 3381 1474 3452 ab
1510 3381 1589 3478 ipsa
1614 3381 1840 3478 inscriptione
1866 3381 1949 3453 alie·

191 3551 276 3598 num
308 3525 449 3620 fuisset,
480 3549 565 3598 voce
599 3525 691 3598 idem
722 3551 786 3623 pro
813 3525 895 3623 Gaji
925 3527 1064 3600 nomine
1097 3527 1222 3625 posita.
1275 3526 1437 3600 Ceterum
1474 3528 1564 3600 inter
1594 3529 1663 3600 duo
1690 3529 1772 3626 Gaji
1806 3530 1949 3602 nomina

192 3674 267 3746 sola
290 3697 336 3746 ex
362 3675 646 3771 inscriptionibus
673 3682 822 3770 servata,
850 3675 968 3747 nullus
994 3675 1084 3748 alius
1112 3675 1209 3748 locus
1236 3675 1427 3774 reperitur,
1463 3701 1533 3772 quo
1559 3701 1689 3750 novum
1715 3676 1949 3771 fragmentum

192 3825 345 3921 incipere
364 3823 474 3896 videri
491 3824 612 3922 possit,
640 3849 747 3920 quam
764 3823 900 3897 mendis
919 3825 1104 3897 abundans
1120 3824 1200 3896 finis
1218 3824 1434 3922 paragraphi
1451 3825 1742 3922 quadragesimae
1760 3826 1947 3898 secundae.

341 3973 501 4045 XVIIII.
539 3974 729 4069 Ultimam,
770 3975 868 4070 cujus
900 3974 1038 4046 initium
1065 3998 1274 4071 cognoscere
1297 3999 1400 4072 posse
1426 3975 1511 4047 mihi
1536 3975 1674 4071 videor,
1700 3975 1948 4072 fragmentum,

194 4131 231 4194 ut
257 4122 360 4196 modo
383 4123 592 4218 memoravi,
619 4121 718 4196 initio
746 4125 960 4222 paragraphi
993 4123 1283 4220 quadragesimae
1318 4131 1464 4219 quartae
1500 4123 1582 4222 Gaji
1616 4125 1755 4197 nomina
1796 4125 1949 4222 incipere

194 4272 341 4342 videtur.
392 4271 488 4343 Num
505 4270 542 4341 in
568 4269 610 4342 iis
628 4273 777 4365 quoque,
805 4295 895 4367 quae
919 4279 1122 4367 sequuntur,
1150 4273 1382 4370 paragraphis
1400 4272 1618 4345 diversorum
1629 4274 1949 4370 jureconsultorum

193 4418 387 4514 fragmenta
413 4417 582 4490 contineri
608 4417 802 4514 rideantur,
828 4419 905 4491 aliis
932 4420 1213 4518 investigandum
1239 4420 1409 4517 relinquo.

201 4600 320 4608 -.---

361 4722 398 4796 ⁷²l
421 4726 458 4787 cf.
481 4723 636 4798 Huschke,
658 4728 688 4784 in
713 4724 886 4785 Zeitschrift
906 4727 955 4784 ftlr
979 4725 1222 4786 Geschiohtliche
1244 4727 1576 4788 Rechtswissenschaft.
1619 4729 1691 4788 XV.
1714 4751 1744 4808 p.
1770 4731 1828 4791 183
1852 4679 1916 4809 sqq.
