4970 6428
1038 559 1059 621 5

165 754 229 836 τήν
247 757 311 818 τῶν
329 752 545 836 κοαιοτώρον
559 753 674 840 α’ρχήν
689 752 832 836 ἔκρινεν,
849 755 897 833 ὠς
916 754 995 832 τούς
1105 757 1239 830 mulum
1259 765 1293 828 et
1306 757 1460 830 Numam
1478 758 1691 857 Pompilium
1705 761 1806 834 binos
1826 786 1933 857 quao-

162 901 311 982 πλείους
334 907 399 968 τῶν
420 906 603 985 ἱστορικῶν
630 904 721 986 αὐτῷ
749 906 808 987 τήν
837 905 996 987 τοιαύτην
1106 913 1215 978 stores
1241 905 1416 1002 habuisse,
1445 931 1531 1002 quos
1553 909 1621 1006 ipsi
1646 933 1716 982 non
1744 935 1807 985 sua
1834 937 1927 1008 voce,

162 1051 375 1136 προαγωγὴν
401 1051 604 1137 ἀναγράψαι
630 1052 688 1116 καὶ
713 1051 818 1138 μόνῳ.
863 1054 933 1120 αἀὁ
960 1053 995 1118 δὲ
1106 1054 1166 1126 sed
1212 1054 1334 1151 populi
1380 1057 1546 1154 suffragio
1590 1070 1768 1156 crearent,
1816 1062 1930 1137 refert.

162 1199 229 1282 τῆς
260 1199 431 1284 ζητήσεως
460 1197 569 1280 οὕτως
593 1201 835 1286 ὀνομασθῆναι
867 1203 995 1282 αὐτούς
1105 1201 1173 1276 Sed
1211 1204 1313 1278 sicuti
1349 1205 1494 1279 dubium
1528 1215 1599 1300 est,
1632 1233 1679 1280 an
1710 1208 1861 1282 Romulo
1896 1226 1932 1283 et
2034 1240 2037 1253 ·

163 1347 309 1429 Ἰούνιος
325 1349 383 1414 καὶ
401 1351 595 1432 Τρεβάτιος
611 1351 670 1414 καὶ
686 1351 874 1416 cereofala
890 1351 994 1418 ανον.
1105 1353 1223 1426 Numa
1256 1357 1484 1450 regnantibus
1519 1363 1684 1452 quaestor
1716 1358 1838 1456 fuerit,
1883 1362 1931 1434 ita

1105 1502 1210 1576 Tullo
1251 1503 1403 1576 Hostilio
1445 1528 1526 1600 rege
1574 1514 1778 1600 quaestores
1824 1507 1930 1582 fuisse

1106 1658 1239 1723 certum
1259 1657 1328 1746 est3
1356 1659 1391 1722 et
1411 1675 1495 1724 sane
1518 1653 1671 1728 crebrior
1685 1639 1779 1752 apud
1797 1663 1931 1730 veteres

1105 1799 1221 1897 opinio
1247 1808 1310 1894 est,
1337 1800 1480 1874 Tullum
1498 1801 1689 1874 Hostilium
1715 1805 1867 1900 primum
1893 1805 1929 1877 in

1105 1949 1379 2045 rempublicam
1405 1949 1586 2021 induxisse
1618 1957 1832 2044 quaestores.
1884 1954 1931 2027 Et

1104 2125 1125 2172 a
1151 2121 1277 2195 genere
1303 2098 1493 2194 quaerendi
1517 2107 1719 2195 quaestores
1736 2099 1836 2174 initio
1859 2100 1931 2174 dic-

1104 2253 1158 2320 tos
1185 2253 1220 2319 et
1244 2247 1372 2319 Junius
1399 2253 1433 2318 et
1457 2247 1643 2320 Trebatius
1668 2255 1702 2318 et
1730 2247 1929 2320 Fenestella

1106 2395 1262 2468 scribunt
1266 2452 1458 2468 ......

251 2553 309 2617 καὶ
329 2551 519 2638 μεθ’ἔτερα·

164 2703 258 2785 πλὴν
280 2699 423 2783 ὕσιερον
438 2703 658 2788 ἐξῃρέθησαν
673 2707 706 2768 ο·ι
720 2699 919 2767 κανὸιὸάιοι
934 2707 995 2766 τοῦ
1104 2716 1225 2765 verum
1251 2691 1388 2789 excepti
1415 2699 1514 2764 eraut
1540 2689 1718 2765 candidati
1741 2689 1928 2788 principie,

164 2851 339 2934 βασιλέως
362 2854 589 2936 κυαὶοιωρις,
622 2858 659 2918 ot
681 2855 771 2936 πρὸς
801 2852 995 2938 ἀνάγνωσιν
1103 2839 1139 2912 hi
1177 2840 1304 2912 etenim
1341 2839 1424 2912 solis
1463 2839 1561 2912 libris
1600 2837 1853 2936 principalibus
1891 2840 1928 2912 in

165 3005 233 3067 τῶν
253 3006 444 3084 βασιλικῶν
464 3003 674 3089 γραμμάτων
694 3003 752 3068 καὶ
766 3002 876 3088 μόνην
891 3001 994 3089 ἑαχό-
1103 2995 1227 3061 senatu
1253 2987 1408 3084 legendis
1434 2998 1573 3062 vacant.

166 3151 279 3231 λαξον.
324 3155 357 3216 ci
384 3151 418 3216 δὲ
448 3152 545 3218 αὐτοὶ
572 3154 631 3218 καί
660 3153 807 3236 ψήφους
830 3153 899 3218 ἀπό
933 3157 996 3217 τοῦ

166 3303 289 3366 κοινοῦ
311 3303 369 3383 τῆς
397 3305 527 3385 βουλῆς
557 3302 785 3388 α’νογίνωακον
813 3303 900 3385 ὑπὲρ
929 3305 995 3367 τῶν

166 3452 219 3528 εἰς
241 3449 421 3536 ἀξιώματα
442 3451 697 3536 προαγομὲνων.

317 3687 466 3784 Lydum,
494 3688 653 3784 quamvis
681 3688 883 3761 relationem
908 3711 1007 3761 suam
1032 3687 1086 3760 his
1125 3688 1240 3759 vorbis
1267 3686 1470 3760 concludat:
1500 3697 1602 3756 ιαῡια
1629 3691 1692 3776 ίαι’-ν
1721 3691 1739 3754 ὁ
1774 3690 1925 3768 Ἰούνιος,

164 3833 266 3907 Junii
293 3834 494 3908 Gracchani
520 3835 647 3908 librum
673 3837 789 3933 ipsum
814 3860 884 3909 nou
911 3835 955 3908 ad
982 3861 1107 3910 manns
1133 3836 1318 3930 habuisse,
1349 3835 1410 3907 sed
1437 3835 1584 3933 Ulpiani
1610 3835 1730 3932 spoliis
1758 3859 1794 3908 se
1820 3858 1921 3907 exor-

165 4007 282 4078 nasse,
311 4008 391 4056 eum
416 4007 460 4056 ex
486 3984 597 4082 ipsius
623 3983 839 4058 confessione
862 3984 964 4057 modo
991 3984 1153 4081 allegata,
1180 3994 1254 4058 tum
1278 3985 1359 4057 inde
1385 3985 1508 4078 elucet,
1536 3983 1628 4080 quod
1655 4007 1767 4079 neque
1793 3982 1923 4056 Juuius

167 4155 204 4204 se
228 4131 343 4230 ipsum
368 4132 551 4226 excitasse,
577 4155 690 4226 neque
717 4132 778 4226 qui
804 4130 1045 4205 Gracchorum
1071 4133 1284 4230 temporibus
1306 4134 1443 4229 vixerit,
1471 4131 1513 4205 de
1536 4132 1732 4205 candidatis
1754 4130 1924 4229 principis

167 4279 305 4352 locutus
332 4303 408 4352 csse
435 4279 629 4351 credendus
655 4287 720 4350 est.

318 4494 451 4568 Ultima
477 4495 664 4590 fragmenti
687 4519 708 4566 a
734 4495 834 4591 Lydo
862 4495 962 4567 relati
985 4497 1093 4568 verba
1116 4495 1152 4567 iu
1174 4494 1250 4591 lege
1272 4496 1376 4568 unica
1397 4496 1439 4568 de
1462 4497 1574 4570 officio
1601 4497 1806 4593 quaestoris,
1836 4521 1922 4592 qua-

167 4644 212 4717 lis
240 4645 275 4716 in
303 4643 480 4718 codicibus
506 4644 753 4740 manuscriptis
781 4648 920 4715 servata
946 4650 1009 4736 cst,
1036 4666 1106 4714 nou
1131 4642 1304 4739 leguntur.
1344 4645 1542 4718 Verborum
1565 4644 1703 4718 illorum
1726 4645 1923 4718 intellectus

168 4794 226 4867 hie
253 4819 328 4867 esse
354 4793 502 4888 videtur,
531 4792 735 4866 candidatos
758 4790 920 4864 Caesaris
942 4815 1012 4863 non
1034 4791 1147 4864 solum
1167 4792 1366 4890 principum
1388 4793 1553 4890 epistolas
1574 4793 1610 4866 in
1635 4802 1759 4866 senatu
1785 4793 1920 4889 legisse,

168 4943 412 5015 verumetiam
433 4940 690 5037 designationes
714 4939 982 5036 magistratuum
1010 4964 1031 5011 a
1055 4947 1178 5012 senatu
1202 4939 1313 5014 foetas
1334 4941 1379 5014 ad
1402 4943 1576 5041 principes
1598 4942 1777 5016 detulisse.
1829 4941 1920 5014 Con-

168 5092 280 5188 sules,
318 5101 512 5189 praetores,
548 5098 750 5185 quaestores
785 5088 1034 5186 posterioribus
1069 5089 1250 5184 regiment'.
1277 5090 1481 5188 principalis
1509 5091 1723 5189 temporibus
1750 5114 1771 5162 a
1797 5096 1922 5162 senatu

169 5241 370 5339 designatos
405 5242 459 5313 rel
498 5242 694 5314 nominatos
721 5264 808 5337 esse,
835 5239 1162 5334 nominatorumque
1187 5238 1329 5311 nomina
1360 5237 1405 5310 ad
1431 5240 1677 5336 imperatorem
1703 5238 1821 5310 delata
1846 5261 1922 5310 esse
