4970 6428
1340 508 1484 604 „²1²-

531 737 618 808 quos
643 711 755 808 Gajus
782 711 908 805 aliquis
928 709 1127 782 secundum
1154 708 1270 781 locum
1294 709 1444 780 obtinet:
1471 731 1554 780 narn
1572 708 1654 805 Gaji
1680 709 1754 780 hoc*
1771 732 1899 780 nomen
1924 731 2038 802 neque
2055 709 2101 782 ad
2120 708 2290 783 Alfenum

530 863 682 954 Varum,
719 859 780 952 qui
813 857 1009 954 praecedit,
1037 856 1223 950 nequead
1251 856 1569 948 AulumOfilium,
1607 857 1668 951 qui
1695 857 1870 951 sequitur,
1905 857 1996 930 trahi
2022 866 2147 955 potest.
2200 859 2288 932 Post

531 1017 752 1084 enumeratos
778 1007 842 1079 hos
869 1001 1044 1080 undecim
1052 1005 1313 1104 jureconsultus
1338 1007 1516 1104 pergitur:
1542 1031 1587 1078 ex
1612 1005 1666 1078 his
1693 1007 1812 1078 decem
1841 1006 1947 1080 libros
1974 1020 2051 1080 octo
2069 1009 2287 1105 conscripse·

528 1167 620 1230 runt.
673 1156 755 1254 Gaji
781 1157 1052 1230 nominationem
1079 1153 1282 1226 mendosam
1309 1177 1396 1247 esse,
1424 1177 1544 1226 omnes
1570 1156 1803 1228 consentiunt.
1857 1155 1924 1228 Sed
1952 1156 2034 1253 Gaji
2060 1115 2200 1230 nomine
2226 1157 2287 1230 de-

529 1307 598 1380 leto
631 1308 689 1380 vel
717 1307 929 1404 transposito
964 1330 1034 1378 non
1069 1327 1169 1378 omne
1204 1303 1369 1376 mendum
1397 1310 1559 1376 sanatum
1582 1315 1645 1373 est.
1699 1301 1823 1374 Restat
1849 1302 2085 1400 discrepantia
2112 1305 2287 1399 quaedam

527 1459 617 1531 inter
643 1456 935 1529 introductionem
959 1464 995 1526 et
1020 1454 1125 1528 finem
1149 1453 1430 1528 enumerationis.
1483 1449 1586 1522 Initio
1612 1449 1801 1545 significari
1827 1450 1981 1544 videtur,
2015 1475 2136 1524 ornnes
2162 1453 2284 1526 decem

525 1607 802 1706 jureconsultus,
840 1629 929 1700 quos
963 1605 1205 1676 nominaturus
1231 1615 1285 1676 est
1310 1602 1357 1695 is,
1396 1602 1495 1697 eujus
1521 1598 1764 1698 paragraphus
1791 1599 1859 1679 ista
1883 1610 1945 1693 est,
1975 1598 2082 1674 libros
2109 1603 2286 1698 conscrip-

530 1757 627 1851 sisse,
657 1756 714 1829 vel
739 1763 832 1828 certe
859 1777 978 1826 omnes
1006 1753 1113 1825 libros
1141 1751 1388 1849 conscripsisse
1417 1749 1560 1841 censeri,
1588 1749 1724 1822 etiamsi
1749 1749 1792 1820 de
1818 1773 1888 1822 uno
1914 1749 1971 1822 vel
1996 1749 2106 1824 altero
2132 1751 2286 1822 dubitari

529 1905 650 2003 possit.
703 1903 789 1975 Post
812 1911 1016 1974 enumerata
1042 1900 1185 1972 nomina
1211 1899 1304 1970 idem
1322 1899 1480 1995 scriptor,
1508 1898 1568 1992 qui
1594 1921 1637 1970 ea
1655 1900 1884 1993 enumeravit,
1910 1925 1974 1996 pro
2001 1911 2096 1972 certo
2121 1899 2282 1990 affirmat,

529 2077 574 2126 ex
598 2051 652 2124 his
678 2051 798 2124 decem
824 2057 902 2124 octo
928 2049 1035 2122 libros
1062 2048 1323 2144 conscripsisse.
1377 2045 1501 2117 Omnis
1519 2045 1606 2118 haec
1623 2045 1921 2118 disconvenientia
1949 2047 2105 2139 solvitur,
2134 2047 2283 2145 Gajique

528 2201 679 2275 nominis
706 2199 802 2294 origo
829 2199 1099 2291 demonstratur,
1126 2197 1156 2268 si
1182 2197 1216 2270 in
1241 2195 1363 2268 mediis
1391 2195 1604 2266 enumeratis
1630 2195 1944 2286 jureconsultorum
1965 2197 2164 2270 nominibus
2190 2198 2283 2270 Pan-

528 2351 708 2422 dectarum
745 2347 993 2445 compositores
1025 2347 1070 2420 ab
1104 2345 1173 2418 alio
1215 2345 1260 2416 ad
1295 2345 1403 2416 alium
1440 2343 1645 2440 scriptorem
1678 2343 1857 2416 transiisse
1891 2345 2087 2418 statuimus.
2147 2345 2284 2418 Forsan

529 2500 676 2594 longior
697 2503 792 2590 erat,
828 2495 1016 2568 nominatis
1050 2495 1155 2566 etiam
1192 2491 1408 2588 singulorum
1438 2490 1757 2587 jureconsultorum
1792 2490 1908 2586 libris,
1944 2493 2069 2589 prioris
2106 2493 2282 2591 scriptoris

529 2647 755 2740 enumeratio,
784 2669 891 2740 quam
925 2667 1015 2739 quae
1051 2653 1124 2716 tota
1159 2643 1195 2714 in
1222 2642 1421 2714 Pandectas
1451 2639 1650 2736 recipienda
1685 2663 1760 2712 esse
1787 2641 1897 2714 videri
1924 2652 2050 2739 posset.
2103 2644 2188 2716 Post
2214 2643 2283 2739 pri·

529 2819 625 2868 mum
651 2796 770 2890 itaque
794 2793 961 2866 Alfenam
984 2793 1121 2864 Varum
1146 2791 1365 2864 nominatum
1390 2789 1650 2862 Pandectarum
1685 2791 1933 2888 compositores
1958 2791 2051 2864 hune
2080 2793 2283 2889 scriptorem

529 2947 755 3041 reliquerunt,
784 2953 888 3039 atque
914 2944 960 3016 ad
987 2942 1117 3039 Gajum
1141 2965 1177 3012 se
1204 2945 1460 3033 converterunt,
1488 2939 1681 3012 breviorem
1715 2939 1790 3034 ejus
1816 2940 1995 3012 nominum
2022 2940 2222 3036 catalogum
2246 2943 2280 3014 in

529 3093 729 3169 Pandectas
756 3091 974 3188 recipientes.
1025 3089 1159 3162 Deletis
1185 3091 1346 3162 omnibus
1372 3090 1442 3163 fere
1469 3090 1506 3161 in
1531 3089 1632 3162 titulo
1656 3088 1698 3160 de
1716 3088 1848 3184 origine
1869 3089 1959 3184 juris
1987 3089 2281 3187 inscriptionibus,

529 3243 642 3316 solum
669 3241 752 3339 Gaji
775 3265 902 3314 nomen
928 3264 991 3338 per
1016 3264 1168 3314 errorem
1194 3249 1366 3312 retentum
1392 3247 1456 3310 est.

677 3393 746 3466 Sed
772 3392 860 3464 haec
894 3389 1063 3462 hactenus
1089 3389 1132 3462 de
1160 3389 1243 3485 Gaji
1269 3387 1419 3482 nomine,
1448 3386 1542 3481 quod
1568 3386 1680 3458 solum
1711 3411 1756 3458 ex
1783 3386 1863 3458 totis
1888 3386 2173 3484 inscriptionibus
2201 3389 2284 3460 resi·

529 3545 637 3616 duum
670 3539 848 3616 nonnullis
881 3540 972 3612 tituli
1007 3539 1050 3612 de
1083 3539 1215 3636 origine
1244 3538 1334 3634 juris
1371 3537 1455 3610 locis
1493 3537 1628 3633 legitur.
1681 3537 1776 3608 Num
1799 3536 1869 3608 alia
1895 3560 2035 3632 quoque
2057 3537 2206 3610 aliarum
2232 3538 2284 3610 in-

529 3645 757 3789 scriptibnum
784 3689 931 3789 vestigia
948 3688 1005 3759 hic
1023 3686 1094 3759 illic
1112 3686 1354 3777 remanserint,
1381 3686 1485 3758 valde
1512 3685 1656 3758 dubiunr
1683 3695 1753 3778 est,
1781 3709 1871 3779 quae
1897 3685 2036 3780 singula
2068 3685 2189 3782 qualia
2215 3687 2284 3758 sint

530 3842 603 3914 suis
630 3842 714 3916 loeis
742 3861 987 3937 proponemus.

679 3992 733 4064 Ea
761 4013 851 4084 quae
878 3988 980 4061 modo
1006 3988 1049 4059 de
1076 3986 1158 4083 Gaji
1183 3987 1334 4080 nomine,
1362 3985 1456 4080 quod
1474 4007 1720 4078 nonnusquam
1738 3982 1774 4054 in
1800 3982 1877 4078 lege
1903 3981 2057 4055 secunda
2083 3983 2126 4054 de
2152 3985 2284 4080 origine

523 4143 615 4240 juris
649 4142 766 4236 inepto
804 4139 879 4210 loeo
914 4137 1158 4210 intercalatum
1184 4136 1339 4233 legatur,
1372 4135 1613 4233 exposuimus,
1644 4133 1833 4230 plurimum
1859 4132 1978 4204 valent
2003 4133 2049 4206 ad
2074 4131 2285 4206 fulciendam

530 4289 622 4386 Lydi
649 4288 869 4382 relationem,
896 4287 1138 4384 paragraphos
1164 4285 1371 4381 vigesimam
1396 4283 1597 4376 secundam,
1625 4283 1781 4378 tertiam,
1810 4291 1973 4378 quartam
1999 4281 2084 4378 legis
2111 4282 2285 4356 secundae

529 4441 574 4512 de
590 4439 723 4535 origine
736 4440 826 4536 juris
844 4463 915 4510 non
933 4437 1128 4534 Pomponii,
1156 4435 1217 4510 sed
1243 4435 1325 4531 Gaji
1348 4459 1435 4506 esse.
1488 4435 1580 4524 Quin
1606 4434 1682 4530 ipsa
1710 4433 1832 4504 ultima
1857 4431 2072 4530 paragraphi
2097 4432 2285 4527 vigesimae

530 4591 653 4663 tertiae
682 4590 790 4662 verbs
815 4588 1062 4684 gravissimum
1086 4585 1253 4658 indicium
1280 4585 1556 4676 subministrant,
1587 4587 1828 4678 paragraphos
1846 4581 1931 4652 istas
1949 4604 2072 4654 revera
2091 4579 2174 4677 Gaji
2196 4605 2283 4676 esse,

528 4764 575 4812 ex
603 4740 677 4836 ejus
703 4737 790 4810 libro
817 4737 929 4834 primo
956 4736 1002 4808 ad
1028 4735 1140 4831 legem
1167 4735 1349 4808 duodecim
1376 4733 1577 4806 tabularum
1609 4732 1799 4804 desumtas.
1851 4729 1986 4802 Ultima
2012 4728 2073 4801 illa
2099 4730 2206 4801 verba
2233 4753 2286 4800 re-

530 4889 657 4983 ferunt,
686 4894 910 4983 quaestorum
928 4885 1106 4983 parricidii
1123 4886 1229 4958 etiam
1247 4884 1358 4980 legem
1375 4882 1558 4956 duodecim
1578 4881 1777 4954 tabularum
1801 4879 2010 4952 meminisse.
2055 4879 2287 4968 Quaestorum

531 5039 710 5138 parricidii
735 5037 841 5110 etiarn
868 5035 979 5132 legem
1005 5035 1187 5108 duodecim
1212 5032 1412 5106 tabularum
1437 5031 1650 5124 meminisse,
1676 5030 1737 5124 qui
1763 5035 1980 5100 vetustarum
2004 5027 2145 5098 illarum
2170 5027 2288 5123 legum

532 5188 854 5286 interpretationem
871 5187 1027 5259 facturus
1045 5193 1130 5278 erat,
1156 5182 1264 5256 multo
1282 5182 1486 5254 concinnius
1504 5179 1726 5252 admonuisse
1745 5175 1939 5248 censendus
1957 5184 2020 5264 est,
2047 5199 2154 5268 quarn
2172 5173 2287 5270 quiin

533 5339 622 5412 libro
645 5338 816 5434 singulari
837 5336 1018 5409 enchiridii
1041 5333 1258 5430 singulorum
1275 5331 1544 5428 magistratuum
1561 5329 1703 5402 nomina
1720 5339 1826 5422 atque
1843 5327 1994 5422 origines
2013 5323 2285 5398 demonstrabat.
