4970 6428
1366 529 1511 626 ‘m-

709 737 881 824 Quattuor
915 733 1000 807 loeis
1037 733 1144 804 uerbo
1173 731 1368 829 Respondit
1404 731 1440 802 in
1466 730 1628 803 Scholiis·
1654 729 1699 802 ad
1727 729 1882 802 Basilica
1911 728 2022 801 Servii
2055 749 2183 800 nornen
2217 749 2326 823 prae-

558 889 712 986 ponitur.
764 885 900 982 Singuli
925 885 994 957 looi
1018 885 1054 956 hi
1082 891 1187 955 sunt:

715 1037 750 1130 1)
777 1035 820 1107 In
843 1033 1054 1132 paraphrasi
1081 1032 1167 1128 legis
1195 1033 1252 1102 27.
1281 1033 1301 1125 ξ
1331 1033 1348 1101 1
1377 1028 1493 1102 looati.

659 1186 701 1258 ln
728 1183 916 1257 Pandeotis
943 1184 1087 1279 legitur:
1438 1179 1441 1292 t
1591 1175 1635 1248 in
1663 1175 1812 1248 Seholiis
1839 1177 1884 1248 ad
1910 1176 1994 1248 Bas.
2021 1177 2078 1268 20,
2109 1179 2140 1267 1,
2170 1177 2235 1247 27:

561 1336 694 1408 Iterum
719 1335 952 1428 interrogatus
974 1329 1384 1427 est...Respondit...
1438 1298 1441 1393 i
1598 1327 1765 1412 ἠρωτήθη
1797 1329 1816 1392 ὁ
1852 1329 2011 1410 Σέρβιος.
2040 1377 2047 1392 .
2076 1376 2083 1392 .
2112 1378 2119 1391 .
2151 1327 2208 1392 καὶ
2238 1329 2325 1392 ἀττε-

1440 1527 1441 1532 .
1495 1478 1635 1560 κρίνατο
1658 1527 1666 1555 ,
1690 1525 1698 1540 .
1722 1525 1729 1540 .

712 1639 750 1730 2)
777 1635 819 1708 In
846 1633 1055 1735 paraphrasi
1081 1634 1167 1730 legis
1196 1636 1216 1704 6
1244 1633 1287 1705 de
1314 1631 1517 1704 manumiss.
1547 1671 1549 1675 ·

661 1786 704 1857 ln
730 1783 919 1857 Pandeotis
946 1783 1089 1879 legitur:
1440 1781 1442 1804 '
1596 1780 1637 1852 In
1666 1778 1814 1852 Seholiis
1840 1777 1885 1851 ad
1911 1779 1993 1850 Bas.
2019 1780 2077 1874 48,
2109 1783 2140 1873 1,
2170 1781 2211 1848 6:

563 1935 778 2008 Consulebat
805 1991 812 2004 .
843 1991 849 2004 .
877 1990 884 2004 .
914 1991 921 2004 .
948 1933 1144 2031 Respondit
1173 1988 1180 2000 .
1211 1987 1217 2000 .
1247 1988 1254 2000 .
1600 1933 1671 1997 Καὶ
1696 1931 1861 2015 ήρωτήθη
1888 1933 1907 1996 0‘
1933 1927 2075 2000 Servius
2098 1982 2234 1997 .....
2262 1932 2324 1997 καὶ

1496 2079 1705 2160 ἀπεκρίνατο
1729 2128 1736 2143 .
1760 2130 1768 2144 .
1792 2131 1800 2146 .
1824 2132 1832 2147 .

712 2239 749 2332 3)
775 2237 818 2309 In
845 2235 1055 2335 paraphrasi
1082 2233 1167 2330 legis
1198 2236 1240 2305 14
1266 2259 1318 2332 pr.
1346 2236 1388 2307 de
1416 2235 1571 2307 stahrlib.

663 2388 705 2460 In
733 2388 922 2461 Pandeotis
949 2387 1093 2482 legitur:
1442 2392 1445 2455 f
1597 2385 1638 2457 In
1665 2385 1814 2458 Scholiis
1838 2384 1883 2456 ad
1909 2383 1992 2455 Bas.
2019 2385 2078 2477 48,
2107 2387 2139 2476 5,
2170 2385 2234 2454 15:

564 2539 619 2610 De
646 2563 688 2611 ea
714 2562 750 2610 re
777 2537 1034 2610 consulebatur.
1090 2534 1284 2632 Respondit
1313 2591 1319 2605 .
1347 2591 1354 2606 .
1380 2591 1387 2608 .
1602 2538 1672 2603 Καὶ
1702 2538 1890 2620 ἐρωτηθῡὶς
1919 2535 1998 2616 περὶ
2030 2537 2148 2601 τούτου
2172 2537 2322 2621 Σέρβιος

1443 2612 1444 2635 i

1443 2640 1445 2678 ι

1442 2685 1797 2797 ηὼωπωη.

713 2845 751 2936 4)
777 2841 820 2913 In
847 2840 1055 2938 paraphrasi
1081 2840 1168 2937 legis
1198 2843 1254 2913 14.
1283 2842 1302 2936 ξ
1334 2845 1351 2913 1
1381 2840 1423 2912 de
1451 2841 1604 2913 statulib.

663 2989 705 3061 in
729 2990 918 3062 Pandeotis
944 2990 1089 3085 legitur:
1443 2989 1446 3041 ἵ
1598 2989 1640 3061 in
1667 2988 1815 3062 Scholiis
1842 2991 1887 3062 ad
1913 2991 1995 3062 Bas.
2024 2991 2082 3085 18,
2112 2995 2144 3086 5,
2175 2994 2240 3063 15:

568 3197 575 3211 .
605 3196 612 3210 .
640 3139 830 3237 respondit,
857 3163 927 3212 non
954 3163 1029 3211 esse
1056 3138 1216 3211 liberum.
1444 3104 1445 3125 .
1602 3191 1671 3206 ...
1697 3191 1703 3206 .
1737 3141 1902 3227 η’ρωτήθη
1923 3144 1941 3208 0‘
1965 3145 2113 3226 Σέρβιος
2136 3194 2144 3210 .
2169 3194 2176 3210 .
2201 3195 2208 3210 .
2233 3195 2241 3210 .
2265 3145 2324 3209 καὶ

1443 3346 1446 3398 ι
1500 3288 1592 3354 siner
1613 3290 1716 3354 utitor
1736 3291 1786 3375 μή
1807 3291 2093 3374 ἐλευθεροῐωθττι.

717 3445 799 3518 Uno
823 3444 917 3539 loen,
945 3469 1014 3540 quo
1040 3445 1076 3517 in
1103 3445 1292 3517 Pandeotis
1320 3443 1500 3544 Respondi
1528 3446 1671 3542 legitur,
1700 3470 1721 3517 a
1746 3446 1980 3518 Basilieorum
2005 3445 2154 3518 Seholiis
2180 3447 2321 3520 Servius

569 3616 776 3691 responsum
802 3593 938 3665 dedisse
965 3592 1110 3664 dieitur:
1136 3593 1171 3665 in
1199 3593 1274 3686 lege
1302 3597 1335 3664 5.
1387 3593 1424 3666 Si
1450 3594 1659 3691 quadrupes.

666 3742 709 3814 In
735 3741 923 3815 Pandeotis
949 3742 1094 3837 legitur:
1445 3745 1448 3789 ⁵
1600 3744 1642 3815 In
1668 3744 1817 3816 Scholiis
1843 3745 1888 3816 ad
1913 3745 1996 3817 Bas.
2025 3747 2082 3840 st),
2112 3747 2143 3838 2,
2173 3749 2212 3816 5:

569 3893 825 3967 Consulebatur
854 3951 860 3964 .
891 3951 897 3964 .
923 3951 930 3964 .
956 3893 1136 3990 Respondi
1162 3915 1275 3990 posse.
1603 3896 1784 3980 Ἡρωτήθη
1808 3898 1956 3981 Σέρβιος
1981 3947 1989 3962 .
2013 3947 2020 3963 .
2046 3947 2052 3961 .
2077 3947 2085 3962 .
2110 3897 2167 3962 καὶ
2186 3897 2323 3980 ἁπεκρί-

1447 4104 1449 4139 Ι
1503 4070 1581 4109 raro
1604 4043 1698 4132 ’ἑχειτΙ
1720 4046 1832 4110 αὐτόν.

719 4207 913 4278 Mommsen
939 4205 1171 4278 Basilicarum
1196 4204 1406 4277 scholiasten
1429 4206 1539 4278 Servii
1563 4229 1689 4278 nornen
1717 4205 1981 4290 intercalantem
2002 4214 2112 4304 'super
2138 4207 2325 4305 interpola-

570 4359 664 4430 tione
691 4365 891 4454 suspeetum
918 4356 1033 4450 habet,
1061 4381 1105 4427 ex
1133 4357 1206 4448 lege
1239 4357 1259 4425 2
1295 4359 1314 4450 g*
1342 4359 1388 4426 44
1417 4358 1459 4428 de
1479 4357 1520 4429 Ο.
1539 4357 1577 4428 J.
1602 4355 1771 4454 petitam).
1823 4356 1912 4428 Cum
1940 4381 2019 4428 vero
2046 4383 2116 4428 non
2143 4359 2254 4430 solum
2280 4384 2324 4428 ex

572 4505 818 4602 plerorumque
838 4503 956 4576 Alfeni
973 4504 1246 4600 fragmentorum
1266 4515 1441 4579 structura
1458 4506 1651 4602 intelligere
1671 4506 1783 4600 liceat,
1811 4529 1979 4604 responsa
1997 4507 2032 4578 in
2059 4507 2101 4579 iis
2127 4509 2238 4580 relata
2255 4533 2325 4579 non

573 4657 683 4754 ipsius
710 4655 840 4750 Alfeni,
869 4656 928 4728 sed
956 4655 1045 4727 alius
1077 4657 1260 4753 eujusdam
1281 4655 1513 4752 jureconsulti
1538 4653 1681 4750 esse⁰²),
1709 4680 1829 4726 rerum
1856 4655 1961 4726 etiam
1986 4656 2054 4727 duo
2081 4656 2183 4728 Pauli
2217 4657 2326 4754 epite-

572 4831 707 4878 marum
734 4805 801 4877 loei
827 4805 1074 4900 demonstrent,
1100 4805 1266 4878 Alfenum
1284 4805 1395 4878 Servii
1423 4807 1643 4903 responsam
1669 4806 1815 4901 Digesta
1833 4830 1897 4877 sua
1922 4806 2105 4902 recepisse,
2133 4807 2326 4901 etquidem

570 4988 616 4994 -.
632 4989 925 4997 .—...--.-—.-.-..
941 4989 957 4994 ..
989 4987 1101 4994 -—-

737 5101 776 5181 61)
799 5103 836 5164 ef.
859 5101 1029 5162 Mommsen
1052 5102 1248 5180 Digestorum
1272 5101 1374 5162 editio.
1419 5099 1446 5162 I.
1470 5125 1499 5182 p.
1524 5107 1595 5164 sta.
1617 5114 1678 5162 not.
1703 5103 1742 5162 ad
1761 5107 1871 5166 lineam
1894 5109 1942 5167 20.

738 5233 775 5313 62)
798 5235 835 5293 cf.
860 5244 979 5314 praeter
1001 5236 1104 5293 omnia
1126 5237 1311 5314 fragmenta,
1334 5237 1365 5292 in
1388 5235 1500 5315 quibus
1522 5255 1698 5316 responsum
1725 5236 1819 5296 verbo
1847 5237 2015 5318 Respondit
2043 5237 2211 5309 inducitur,
2241 5257 2325 5317 prae·

571 5371 659 5448 cipue
682 5389 708 5428 e.
732 5389 761 5448 g.
783 5366 805 5430 l.
826 5372 865 5430 26
889 5369 926 5428 de
948 5389 996 5448 op.
1018 5368 1070 5429 lib.
1100 5366 1120 5429 l.
1147 5377 1184 5429 14
1207 5367 1244 5428 de
1267 5372 1364 5448 peeut.
1387 5372 1445 5446 leg.
1481 5365 1502 5429 l.
1528 5371 1564 5428 15
1589 5369 1626 5428 de
1647 5368 1826 5449 pnblieanis.
