4970 6428
1350 523 1489 618 A&

697 726 734 820 3)
758 723 910 797 Secundi
934 731 1039 819 atque
1063 725 1155 795 tertii
1180 723 1367 820 fragmenti
1392 726 1513 821 Lydus
1540 725 1671 824 Gajum
1697 736 1855 802 autorem
1881 693 2091 829 nuncupat,¹
2117 741 2240 805 contra
2266 735 2309 805 in

542 874 734 948 Pandectis
760 898 802 945 ea
827 873 1023 970 fragmenta
1049 872 1085 942 in
1111 873 1225 945 media
1251 875 1328 972 lege
1346 877 1500 950 secunda
1517 877 1560 950 de
1577 878 1710 973 origine
1731 880 1821 976 juris
1844 881 2017 978 leguntur,
2044 884 2100 956 cui
2117 884 2308 982 Pomponii

546 1049 674 1097 nomen
699 1025 905 1122 inscriptum
932 1031 995 1096 est.

695 1175 734 1268 4)
763 1171 947 1245 Structura
973 1174 1159 1246 verborum
1186 1173 1278 1245 tertii
1303 1171 1490 1267 fragmenti
1511 1199 1532 1246 a
1559 1181 1735 1250 structura
1760 1180 1946 1252 verborum
1970 1179 2185 1278 paragraphi
2209 1182 2308 1278 iige-

546 1323 654 1396 simac
688 1331 835 1418 quartae
868 1322 954 1419 legis
990 1322 1163 1395 secundae
1197 1323 1240 1394 de
1276 1323 1407 1418 origine
1444 1324 1535 1420 juris
1571 1324 1666 1398 haud
1710 1351 1835 1424 parum
1880 1328 2061 1425 abhorret,
2105 1330 2304 1404 intellectus

548 1497 688 1568 quoque
714 1472 895 1566 utriusque
921 1470 1107 1568 fragmenti
1133 1496 1202 1544 non
1230 1471 1334 1569 plane
1360 1473 1451 1544 idern
1477 1480 1541 1545 est.

695 1623 840 1692 Atrion
867 1628 987 1693 tantae
1014 1620 1186 1693 sunthae
1213 1621 1479 1718 discrepantiae,
1515 1629 1553 1694 ut
1578 1622 1718 1718 Lydum
1748 1623 1944 1719 fragmenta
1979 1651 2043 1697 sua
2069 1652 2088 1698 c
2114 1625 2302 1700 Pandectis

546 1771 706 1844 hausisse
732 1770 977 1863 dissuadeant,
1013 1770 1117 1850 immo
1144 1772 1247 1843 unius
1273 1770 1398 1865 harum
1425 1772 1740 1870 discrepantiarum
1769 1774 1904 1846 indoles
1940 1775 2020 1848 talis
2054 1782 2117 1870 est,
2153 1783 2191 1848 ut
2224 1777 2303 1874 ipsa

548 1921 782 1993 clarissimum
809 1919 975 1992 indicium
1001 1929 1165 2017 praestet,
1194 1921 1306 1994 solum
1331 1923 1424 2018 Lydi
1449 1923 1650 1996 notitiarum
1678 1922 1808 1996 fontem
1833 1925 2033 1998 Pandectas
2056 1949 2143 1997 esse.
2195 1926 2303 1999 Prae·

546 2075 642 2140 terea
679 2067 745 2140 hae
784 2069 1039 2165 discrepantiae
1078 2094 1197 2142 veram
1236 2071 1321 2166 legis
1362 2071 1535 2143 secundae
1573 2071 1616 2143 de
1658 2072 1790 2168 origine
1831 2074 1921 2170 juris
1967 2081 2130 2146 naturam
2173 2075 2302 2171 optime

551 2219 801 2290 demonstrant.

697 2369 764 2458 Qui
789 2371 929 2466 Lydum
956 2371 992 2442 in
1017 2370 1255 2442 describendis
1274 2369 1533 2442 Pandectarum
1550 2369 1754 2466 fragmentis
1781 2373 1996 2468 negligenter
2019 2379 2197 2442 versatum
2214 2395 2300 2466 esse,

547 2520 603 2592 rel
629 2519 721 2616 Lydi
743 2518 927 2592 lectionem
953 2519 1086 2592 librarii
1112 2519 1259 2615 alicujus
1278 2520 1382 2616 culpa
1407 2520 1610 2592 mendosam
1636 2543 1711 2592 esse
1734 2519 1837 2615 dicat,
1866 2522 2074 2594 concinnam
2101 2521 2301 2618 discrepan-

549 2670 676 2779 tiarum
701 2668 840 2740 illarum
867 2668 1183 2741 reconciliationem
1209 2669 1361 2740 suasisse
1388 2668 1499 2739 videri
1525 2668 1645 2764 possit.
1697 2669 1747 2740 At
1771 2691 1843 2739 non
1870 2691 2007 2764 semper
2033 2691 2106 2762 eae,
2133 2691 2223 2762 quae
2249 2669 2302 2740 in·

549 2818 725 2890 tuentibus
752 2817 852 2889 nobis
879 2817 1010 2914 primae
1039 2841 1075 2888 se
1101 2817 1260 2910 offerunt,
1290 2817 1422 2913 species
1441 2839 1545 2888 verae
1571 2839 1709 2911 quoquc
1729 2823 1810 2887 sunt
1835 2824 1957 2888 9111911
1976 2815 2167 2892 simulatae,
2186 2843 2300 2891 rerum

549 2964 693 3060 figurae.
745 2965 964 3038 Gravissima
990 2982 1196 3063 argumenta
1223 2967 1389 3060 indicant,
1417 2990 1488 3038 nou
1516 2964 1627 3060 Lydo,
1655 2988 1770 3059 neque
1797 2963 1939 3037 librario
1975 2964 2090 3059 alicui,
2125 2966 2186 3060 qui
2210 2966 2302 3062 Lydi

551 3115 705 3188 codicem
731 3113 962 3212 descripserit,
999 3116 1210 3188 discordiam
1245 3115 1341 3187 illam
1375 3113 1503 3208 deberi,
1541 3113 1602 3186 sed
1637 3113 1704 3210 ipsi
1740 3123 1858 3186 nostro
1892 3114 2153 3187 Pandectarum
2190 3115 2301 3188 codici

550 3265 752 3340 Florentino
779 3266 835 3338 rel
862 3265 893 3338 91
921 3265 1041 3359 codici,
1070 3289 1114 3337 ex
1140 3291 1208 3361 quo
1235 3265 1293 3337 illc
1319 3265 1487 3337 manarit.

696 3415 859 3488 Codicem
888 3413 1140 3508 Florentinum,
1167 3415 1309 3486 unicum
1335 3437 1446 3510 paene
1473 3421 1590 3484 textus
1616 3413 1876 3486 Pandectarum
1907 3412 2140 3508 cognoscendi
2171 3413 2300 3486 fontem

549 3564 666 3637 multis
690 3565 849 3662 partibus
887 3565 1117 3662 depravatum
1152 3587 1227 3634 esse
1264 3571 1410 3636 constat.
1463 3563 1554 3634 Tota
1591 3562 1788 3657 fragmenta
1827 3563 1862 3634 in
1903 3562 1963 3634 illo
2002 3563 2119 3635 codice
2159 3563 2298 3655 omissa,

550 3739 697 3811 quorum
732 3713 880 3808 vestigia
920 3714 957 3785 in
990 3711 1152 3784 Basilicis
1186 3711 1461 3786 Basilicorumve
1503 3713 1661 3811 epitomis
1696 3719 1887 3810 apparent,
1923 3736 2030 3783 unum
2066 3711 2299 3808 fragmentum

547 3865 635 3937 salsa
662 3863 886 3960 inscriptione
912 3863 1093 3958 interjecta
1119 3861 1154 3932 iu
1181 3861 1249 3934 duo
1276 3862 1470 3956 discissum,
1505 3861 1656 3934 selduc
1683 3861 1890 3956 fragmenta,
1918 3860 2028 3955 ejecta
2062 3860 2299 3957 inscriptione,

547 4014 582 4084 in
610 4036 719 4084 unum
743 4009 982 4106 conglutinata
1008 4008 1102 4082 haud
1131 4009 1200 4080 rari
1226 4016 1307 4081 sunt
1332 4009 1495 4106 exempli.

695 4159 886 4244 Nominum
913 4160 1035 4253 cultor,
1055 4157 1115 4252 qui
1141 4157 1295 4230 codicem
1313 4157 1567 4252 Florentinum,
1597 4183 1730 4251 cumve,
1749 4183 1794 4229 ex
1820 4183 1889 4252 quo
1911 4159 1940 4230 is
1959 4159 2125 4250 manavit,
2145 4158 2299 4230 codicem

545 4309 693 4405 scripsit,
730 4333 799 4381 non
835 4318 910 4379 crat
943 4307 1235 4403 religiosissimus.
1286 4305 1394 4377 Haud
1430 4329 1509 4376 raro
1546 4306 1689 4378 nomina
1726 4312 1883 4376 veterum
1914 4305 2232 4402 jureconsultorum
2262 4306 2297 4376 in

544 4456 704 4529 omnibus
731 4455 858 4526 nostris
877 4455 1053 4527 codicibus
1071 4454 1318 4551 manuscriptis
1337 4453 1530 4550 deperdita,
1560 4453 1655 4551 apud
1672 4454 1903 4526 Basilicarum
1921 4455 2127 4526 scholiastas
2145 4465 2297 4548 exstant,

544 4629 630 4700 quos
656 4604 798 4675 nomina
823 4604 891 4675 ista
917 4603 1057 4675 aliunde
1084 4628 1189 4698 quam
1216 4629 1259 4675 ex
1285 4602 1484 4674 melioribus
1513 4602 1690 4676 codicibus
1709 4602 1954 4698 manuscriptis
1981 4601 2150 4698 hausisse,
2178 4604 2297 4675 verisi-

542 4751 622 4823 mile
649 4777 720 4824 non
745 4760 807 4824 991.
859 4751 1041 4860 Exemplis
1068 4768 1147 4823 utar
1173 4751 1332 4823 Africani
1359 4762 1464 4845 atquc
1491 4749 1609 4822 Alfeni
1635 4749 1850 4846 fragmentis.

689 4903 816 4974 Sextus
842 4900 1014 4972 Caecilius
1042 4901 1230 4974 Africanus
1258 4899 1418 4972 inlibris
1446 4899 1688 4994 quaestionum
1713 4900 1793 4998 plus
1824 4901 1964 4994 centies,
1992 4901 2194 4998 praemissis
2220 4925 2296 4971 ver·

542 5052 612 5124 bis:
657 5048 921 5149 Respondit¹³),
958 5051 1020 5121 Ait
1033 5049 1090 5144 ¹⁴),
1125 5047 1323 5145 Ajcbat¹⁵),
1357 5049 1507 5121 Dicebat
1521 5048 1576 5144 ¹⁶),
1616 5049 1725 5120 Putat
1738 5047 1793 5143 ¹⁷),
1833 5049 1988 5121 Putabat
2003 5047 2057 5144 ¹⁸),
2091 5048 2234 5120 Putavit
2247 5048 2294 5144 ¹⁹),

710 5217 2294 5328 maimaniimammmimamamrmuuaa

541 5385 560 5444 l.
585 5387 620 5446 17
641 5405 688 5464 pr.
710 5382 819 5445 adSc.
843 5381 954 5460 Vellej.
1010 5382 1030 5445 l.
1053 5383 1092 5442 47
1115 5403 1159 5460 pr.
1183 5381 1199 5460 ξ
1224 5384 1291 5443 l.2
1324 5381 1413 5443 deli.
1436 5384 1456 5444 i.
1510 5380 1530 5444 l.
1555 5385 1593 5444 34
1617 5405 1662 5463 pr.
1685 5381 1723 5441 de
1756 5381 1839 5460 vulg.
1863 5391 1892 5440 91
1916 5401 1987 5461 pup.
2011 5381 2108 5440 subst.
2154 5383 2293 5463 l.14pr.
