4970 6428
1414 524 1457 588 20

556 727 750 801 secundum
774 727 968 822 nominant,
997 737 1109 822 neque
1133 725 1320 799 uerisimile
1347 733 1414 821 est,
1450 726 1599 798 eundem
1624 725 1856 822 Pomponium
1892 724 1962 799 duo
1987 725 2180 798 enchiridia
2205 727 2320 825 scrip·

555 876 652 971 sisse,
679 899 770 971 quae
797 875 896 948 nulla
923 875 994 948 alia
1020 875 1273 972 significatione
1294 877 1504 971 distinxerit,
1529 900 1635 972 quam
1657 876 1807 948 alterum
1829 875 1955 948 librum
1978 873 2202 972 singularem,
2228 876 2320 949 alte-

556 1047 634 1096 rum
661 1024 748 1097 duos
775 1024 883 1097 libros
910 1025 1093 1098 enchiridii
1118 1026 1342 1100 nominando.

680 1175 842 1247 Aliarum
860 1183 976 1248 autem
993 1176 1259 1275 inscriptionum
1285 1201 1355 1249 non
1373 1177 1441 1248 nisi
1459 1176 1587 1274 exigua
1605 1175 1732 1249 rudera
1749 1175 1805 1247 hic
1822 1174 1895 1247 illic
1912 1183 2052 1248 servata
2069 1183 2160 1268 sunt,
2180 1174 2320 1272 plerae-

556 1346 625 1417 que
642 1322 748 1420 plaue
769 1322 1030 1396 interciderunt.
1075 1323 1203 1396 Tribus
1223 1322 1307 1396 locis
1322 1321 1404 1419 Gaji
1430 1347 1643 1420 praenomen
1662 1323 1982 1420 jureconsultorum
1998 1323 2197 1396 nominibus
2214 1345 2320 1420 prae-

549 1461 708 1568 positum
743 1471 888 1568 legitur,
923 1473 1049 1567 quibus
1084 1473 1224 1545 minime
1251 1471 1333 1570 Gaji
1363 1495 1575 1570 praenomen
1599 1471 1705 1544 fuisse
1719 1481 1887 1568 'constat3
1923 1472 2008 1567 quin
2034 1496 2103 1545 uno
2130 1472 2207 1544 looo
2233 1471 2320 1568 Gaji

560 1643 774 1717 praenomen
794 1643 874 1691 cum
897 1619 983 1692 Auli
1000 1621 1226 1717 praenomine
1244 1621 1453 1693 cumulatur.
1505 1620 1634 1692 Tribus
1653 1619 1707 1692 his
1722 1621 1819 1716 locis,
1847 1621 1974 1716 quibus
1993 1621 2076 1717 Gaji
2102 1641 2319 1718 praenomen

559 1775 632 1840 tarn
656 1767 866 1840 inconcinne
900 1765 1147 1839 intercalatum
1173 1767 1317 1864 legitur,
1356 1766 1446 1840 aliae
1473 1793 1610 1865 quoque
1637 1793 1765 1842 causae
1793 1769 1985 1868 suspicioni
2007 1769 2210 1866 adjumenta
2235 1770 2320 1841 sub-

558 1917 769 2010 ministrant,
800 1915 1060 1988 Pandectarum
1087 1918 1335 2015 compositores
1353 1919 1524 2016 abruptae
1542 1919 1685 1991 alterius
1704 1919 1936 2016 jureconsulti
1953 1921 2147 1993 narrationi
2172 1918 2319 1992 alterius

554 2065 786 2166 jureconsulti
818 2065 922 2161 idque
950 2065 1034 2162 Gaji
1069 2066 1302 2162 fragmentum
1337 2068 1555 2140 subnexisse.
1608 2069 1748 2140 Primus
1784 2070 1928 2141 istorum
1965 2069 2120 2143 locorum
2152 2069 2188 2141 in
2213 2091 2319 2166 para-

559 2215 693 2313 grapho
721 2217 766 2286 37
795 2223 921 2288 exstat.
973 2215 1027 2288 Ibi
1055 2215 1185 2312 Gajr'nn
1210 2216 1407 2315 Scipionem
1435 2218 1603 2290 Nasicam
1630 2218 1742 2290 virum
1768 2219 1937 2314 optimum
1964 2241 1985 2290 a
2012 2226 2137 2290 senatu
2159 2215 2318 2314 appella·

559 2373 632 2438 tum
659 2389 736 2437 esse
762 2373 937 2460 narratur,
967 2367 1068 2460 eique
1094 2366 1235 2438 domum
1260 2368 1296 2438 in
1315 2391 1416 2440 sacra
1433 2368 1491 2440 via
1507 2367 1626 2440 datam
1652 2391 1739 2462 esse,
1767 2391 1836 2462 quo
1862 2367 1999 2440 facilius
2026 2367 2162 2440 consuli
2187 2372 2317 2463 posset.

564 2515 613 2588 De
641 2513 732 2612 Gajo
758 2514 922 2612 Scipione
948 2515 1081 2588 Nasica
1107 2516 1182 2589 viro
1208 2517 1337 2614 optimo
1365 2525 1528 2590 asenatu
1546 2516 1724 2614 appellato
1745 2517 1827 2588 totis
1850 2516 1998 2588 aliorum
2024 2525 2181 2588 veterum
2209 2514 2319 2612 scrip

561 2671 675 2736 torum
714 2662 811 2735 libris
849 2661 988 2756 siletur3
1024 2662 1191 2738 Publium
1217 2663 1417 2736 Cornelium
1443 2665 1641 2761 Scipionem
1668 2664 1835 2736 Nasicam
1870 2663 2127 2736 adolescentem
2160 2663 2318 2736 nondum

563 2812 801 2906 quaestorium
826 2835 847 2883 a
873 2817 997 2882 senatu
1023 2811 1137 2883 virum
1162 2811 1331 2909 optimum
1354 2811 1551 2908 judicatum
1576 2835 1668 2905 esse,
1695 2812 1882 2884 memoriae
1908 2811 2083 2908 proditum
2110 2809 2224 2905 est⁶³).
2280 2809 2323 2888 lsv

558 2981 641 3030 vero
668 2959 710 3031 P.
742 2958 924 3031 Cornelius
951 2959 1068 3056 Scipio
1094 2959 1227 3031 Nasica
1250 2983 1340 3054 non,
1375 2969 1414 3032 ut
1438 2960 1655 3057 Pomponius
1681 2983 1826 3033 narrare
1850 2959 2002 3056 videtur,
2030 2972 2111 3032 ante
2138 2960 2319 3034 Tiberium

559 3106 840 3200 Coruncanium,
880 3105 941 3177 sed
980 3113 1060 3202 post
1102 3130 1181 3177 eum
1215 3107 1323 3202 rixit3
1361 3131 1475 3203 neque
1507 3111 1798 3207 praetereundum
1833 3116 1904 3205 est,
1951 3135 2042 3205 quae
2081 3111 2124 3182 de
2157 3111 2320 3209 Scipione

560 3255 693 3328 Nasica
720 3255 902 3349 dicantur,
940 3258 1049 3328 verba
1074 3257 1216 3328 minime
1251 3281 1326 3329 esse
1352 3257 1512 3330 omuibus
1538 3260 1692 3331 numeris
1717 3260 1897 3355 absoluta,
1934 3260 1994 3332 sed
2020 3268 2156 3358 partem
2182 3267 2322 3333 tanturn

566 3405 714 3500 alicujus
741 3405 996 3477 enunciationis
1022 3429 1099 3478 esse
1124 3405 1246 3477 rideri.
1299 3406 1398 3478 Talis
1415 3407 1525 3478 oratic
1543 3407 1718 3480 frustatim
1737 3408 1878 3482 concisa
1895 3409 2089 3506 Pomponio
2108 3409 2168 3480 rix
2186 3395 2320 3506 ignosci

565 3563 701 3653 posset3
740 3577 862 3626 rerum
902 3553 1163 3627 Pandectarum
1202 3557 1449 3652 compositores
1490 3565 1606 3654 partes
1645 3555 1782 3651 aliquas
1822 3557 2105 3630 enunciationum
2142 3581 2160 3629 e
2196 3557 2319 3628 ceteris

564 3703 760 3776 enunciatis
798 3713 975 3797 exsectos,
1011 3704 1212 3801 praemissis
1247 3705 1551 3802 inscriptionibus,
1584 3704 1902 3802 jureconsultorum
1939 3705 2143 3801 fragmentis
2178 3707 2319 3779 aliunde

563 3853 732 3926 desumtis
757 3853 953 3949 interjicere
979 3853 1099 3926 solitos
1124 3877 1211 3949 esse,
1240 3855 1325 3926 satis
1349 3862 1470 3927 notum
1497 3868 1561 3926 est.
1615 3853 1706 3943 Quid
1733 3853 1762 3924 si
1788 3877 1848 3946 ea,
1876 3876 1966 3949 quse
1989 3853 2032 3925 de
2059 3853 2221 3951 Scipione
2247 3855 2319 3928 Na·

565 4004 638 4074 sica
664 4011 864 4097 narrantur,
889 4026 934 4074 ex
962 4003 1045 4101 Gaji
1071 4004 1189 4100 aliquo
1216 4005 1304 4077 libro
1332 4003 1590 4076 desumserint?
1643 4003 1697 4074 lta
1723 4002 1959 4100 explicaretur
1976 4001 2058 4099 Gaji
2082 4003 2318 4101 praenominis

564 4151 680 4247 origo:
708 4151 821 4223 solum
847 4151 882 4222 id
906 4175 1033 4224 nomen
1059 4177 1103 4224 ex
1130 4160 1203 4225 tota
1229 4153 1453 4250 inscriptione
1473 4158 1679 4247 superesset,
1707 4173 1822 4222 errore
1848 4148 1966 4244 aliquo
1991 4173 2013 4221 a
2038 4150 2181 4223 librario
2206 4159 2319 4225 reten-

565 4305 658 4394 tum,
685 4300 993 4397 explicareturque
1018 4301 1136 4375 fartim
1161 4314 1325 4376 consecto
1351 4302 1480 4396 oratio3
1510 4323 1622 4394 neque
1649 4297 1863 4394 Pomponius
1887 4306 2082 4395 temporum
2111 4300 2237 4372 erroris
2263 4325 2319 4373 ac·

564 4448 741 4520 cusaudus
768 4457 869 4544 esset,
898 4449 958 4544 qui
984 4449 1182 4546 Scipionem
1199 4449 1367 4522 Nasicam
1393 4458 1475 4521 ante
1500 4448 1679 4520 Tiberium
1709 4445 1968 4518 Coruncanium
1994 4447 2124 4518 vixisse
2150 4447 2317 4520 dixisset:

565 4596 670 4668 immo
698 4597 959 4670 Pandectarum
992 4598 1240 4694 compositores
1267 4595 1349 4694 Gaji
1380 4597 1613 4694 fragmentum
1648 4597 1764 4693 inepto
1795 4595 1870 4668 loco
1904 4595 2218 4668 intercalarissent.
2270 4599 2320 4670 At

566 4744 669 4842 hujus
696 4769 834 4841 quoque
861 4746 1088 4818 contortionis
1116 4744 1291 4841 historiae,
1318 4769 1409 4841 quae
1435 4745 1467 4817 ei
1488 4747 1564 4842 jam
1589 4746 1726 4842 objecta
1752 4753 1817 4838 est,
1842 4745 2058 4842 Pomponius
2084 4745 2319 4819 absolvendus

565 4899 667 4986 esset,
695 4915 773 4964 cum
801 4892 1001 4990 Scipionem
1025 4893 1194 4966 Nasicam
1220 4918 1299 4966 cum
1325 4893 1396 4966 filio
1423 4894 1497 4990 ejus
1524 4894 1686 4992 Scipione
1713 4893 1845 4965 Nasica
1876 4891 2025 4965 Corculo
2052 4895 2321 4968 commutavisse

564 5040 620 5112 vel
641 5040 910 5113 commiscuisse.
961 5040 1080 5113 Publii
1106 5041 1199 5113 illius
1217 5041 1369 5114 Nasicae
1387 5040 1489 5135 filius,
1514 5041 1661 5115 Publius
1679 5041 1794 5140 Scipio
1814 5042 1956 5136 Nasica,
1982 5042 2043 5137 qui
2061 5051 2114 5114 est
2131 5041 2322 5114 Corculum

734 5363 775 5439 ⁸³)
798 5361 835 5420 a.
860 5361 976 5435 civius,
999 5363 1048 5435 rc,
1073 5367 1120 5422 14.
