4970 6428
1411 527 1451 590 26

1357 617 1502 628 ...—

554 731 689 830 grapho
730 731 909 828 trigesima
950 740 1077 826 quarta
1118 731 1233 804 minus
1276 737 1438 802 accurate
1476 736 1654 802 versatum
1697 753 1784 802 esse.
1848 729 2069 828 Peragraphi
2109 731 2313 827 trigesimae

555 888 712 977 quartae,
739 881 781 954 de
808 906 879 977 qua
901 882 976 978 jam
1002 905 1110 978 supra
1135 879 1400 979 disputavimus,
1425 880 1534 952 verba
1556 878 1644 951 haec
1670 885 1770 950 sunt:

897 1030 991 1126 Ergo
1018 1053 1061 1100 ex
1088 1028 1143 1101 his
1170 1029 1330 1102 omnibus
1361 1027 1481 1101 decem
1507 1027 1638 1100 tribuni
1665 1027 1797 1126 plebis,
1825 1027 1986 1100 consules
2013 1027 2101 1122 duo,
2128 1027 2247 1100 decem
2276 1035 2315 1098 et

753 1187 830 1252 octo
856 1186 1044 1277 praetores,
1073 1202 1136 1250 sex
1160 1179 1290 1251 aediles
1317 1179 1353 1250 in
1380 1178 1519 1251 civitate
1541 1178 1624 1274 jura
1650 1177 1854 1250 reddebant.

702 1327 744 1400 Iu
772 1328 1062 1426 praecedentibus
1087 1329 1319 1426 paragraphis
1345 1353 1469 1402 revera
1497 1329 1652 1401 omnium
1684 1327 1808 1400 horum
1834 1326 2102 1422 magistratuum
2128 1327 2224 1424 origo
2251 1328 2313 1400 de-

553 1486 748 1549 monstrata
773 1483 836 1570 est,
866 1475 1022 1548 sednon
1050 1475 1162 1548 solum
1190 1477 1314 1549 horum
1340 1476 1620 1572 magistratuum,
1656 1474 1904 1546 verumetiam
1930 1497 2062 1570 regum,
2089 1475 2314 1548 tribunorum

554 1625 717 1720 celerum,
745 1649 941 1719 censorum,
969 1617 1190 1721 dictatorum,
1216 1625 1462 1722 magistrorum
1488 1625 1656 1720 equitum,
1682 1631 1918 1720 quaestorum,
1946 1623 2222 1698 decemvirorum
2262 1625 2313 1698 le-

552 1763 897 1871 gibus*scribundis,
924 1774 1141 1847 tribunorum
1168 1774 1334 1868 militum,
1362 1773 1638 1847 decemvirorum
1671 1772 1823 1845 stlitibus
1845 1772 2064 1869 judicandis,
2092 1773 2313 1868 aliorumque

555 1925 728 1998 minorum
755 1925 1044 2020 magistratuum,
1077 1923 1226 2018 denique
1253 1922 1507 2020 praefectorum
1543 1923 1641 2018 urbi,
1677 1947 1856 2018 annonae,
1888 1923 2044 2018 vigilum.
2095 1923 2221 2018 Neque
2247 1949 2313 1996 sex

554 2079 691 2144 tautum
718 2071 849 2144 aediles
875 2069 1094 2166 exhihentur,
1124 2070 1191 2184 sed
1210 2071 1339 2168 plures,
1367 2096 1446 2145 eum
1472 2037 1585 2145 etiam¹
1602 2072 1649 2168 hi,
1678 2073 1738 2168 qui
1764 2073 1953 2146 Cistiberes
1977 2072 2061 2145 dicti
2087 2097 2164 2145 esse
2188 2073 2311 2145 dicun-

553 2231 623 2318 tur,
659 2222 718 2318 qui
754 2228 871 2294 tamen
908 2222 944 2294 in
976 2221 1198 2319 paragrapho
1233 2223 1412 2318 trigesima
1446 2223 1560 2319 prima
1593 2247 1664 2296 non
1692 2222 1896 2316 Cistiberes,
1922 2222 1985 2294 sed
2011 2216 2233 2318 quinqueviri
2259 2223 2311 2296 cis

555 2371 711 2444 Tiberim
734 2371 970 2465 nominantur,
998 2379 1120 2467 postea
1148 2371 1450 2444 senatusconsulto
1474 2371 1604 2444 aediles
1632 2371 1740 2443 creati
1762 2393 1838 2442 esse
1866 2371 2038 2444 dicantur.

704 2520 840 2592 Forsan
869 2517 947 2613 quis
973 2525 1089 2615 putet,
1125 2519 1279 2592 omnium
1312 2518 1437 2592 horum
1462 2519 1730 2615 magistratuum
1755 2520 1898 2593 nomina
1922 2521 1959 2592 in
1985 2519 2181 2616 fragmento
2205 2524 2310 2595 Pom-

558 2667 721 2766 poniano,
749 2668 842 2762 quod
868 2693 888 2740 a
915 2665 1050 2762 reliqua
1069 2667 1253 2765 Pomponii
1279 2667 1479 2740 narratione
1506 2677 1707 2765 separatum
1725 2691 1801 2740 esse
1824 2669 2149 2766 demonstravimus,
2178 2671 2312 2743 aPan-

557 2817 736 2889 dectarum
772 2817 1061 2914 compositoribus
1092 2816 1206 2890 deleta
1239 2839 1333 2912 esse,
1369 2818 1428 2912 qui
1460 2841 1519 2890 eos
1553 2817 1645 2890 solos
1679 2818 1923 2914 magistratuS,
1959 2819 2019 2914 qui
2047 2819 2092 2890 ad
2117 2819 2312 2892 Justiniani

552 2991 664 3061 usque
699 2973 857 3063 tempora
890 2967 1100 3060 exstiterint,
1136 2967 1172 3037 in
1198 2966 1259 3040 illo
1284 2966 1479 3064 fragmento
1505 2969 1700 3040 enumerari
1728 2968 1912 3040 voluerint.
1963 2957 2202 3064 Rehagantur
2226 2969 2308 3042 huic

552 3116 708 3216 opinioni
734 3116 901 3213 praelecti
926 3117 1022 3212 urbi,
1051 3139 1230 3212 annonae,
1256 3116 1403 3213 vigilum
1430 3118 1466 3188 in
1489 3117 1549 3188 illo
1572 3116 1767 3214 fragmento
1793 3141 1864 3190 non
1892 3117 2079 3210 nominati,
2106 3115 2309 3212 multaeque

550 3265 640 3338 aliae
667 3289 794 3338 causae
828 3265 997 3360 efficiunt,
1032 3273 1166 3354 utnon
1198 3273 1271 3338 tam
1297 3267 1502 3340 lacunosam
1528 3291 1603 3340 esse
1627 3266 1813 3364 Pomponii
1847 3267 2088 3364 repetitionem
2113 3267 2306 3363 opinemurr

553 3437 658 3510 quam
684 3438 744 3488 eas
769 3415 1022 3512 paragraphos,
1049 3415 1086 3486 in
1114 3415 1240 3510 quibus
1266 3415 1535 3510 magistratuum
1561 3415 1689 3486 mentio
1716 3413 1795 3508 liat,
1830 3414 1951 3509 quiin
1978 3416 2182 3514 repetitione
2209 3417 2308 3488 omit-

552 3570 684 3658 tuntur,
712 3587 733 3636 a
760 3562 953 3660 Pomponio
979 3563 1112 3635 alienas
1139 3587 1226 3658 esse,
1253 3564 1409 3661 exceptis
1436 3564 1520 3636 solis
1546 3564 1587 3636 iis
1614 3564 1857 3662 paragraphis,
1886 3589 1976 3661 quae
2004 3589 2103 3662 reges
2129 3566 2306 3660 quondam

551 3736 690 3786 omnem
724 3719 931 3809 potestatem
966 3711 1150 3806 habuisse,
1183 3735 1373 3808 eorumque
1403 3713 1617 3810 temporibus
1653 3713 1759 3786 etiam
1793 3715 1972 3787 tribunum
2007 3715 2159 3788 celerum
2189 3715 2304 3809 fuisse,

550 3863 702 3936 tradant.
753 3861 891 3934 Horum
917 3868 1034 3934 autem
1060 3861 1327 3956 magistratuum
1352 3861 1584 3959 Pomponium
1610 3861 1645 3933 in
1673 3865 1876 3960 repetitione
1904 3889 1974 3938 non
2000 3867 2216 3960 meminisse,
2245 3890 2306 3962 op-

555 4011 695 4110 probrio
719 4011 751 4083 ei
776 4011 865 4081 verti
892 4035 963 4083 non
990 4015 1115 4106 potest.

699 4159 948 4258 Peragraphos
965 4160 1170 4256 vigesimam
1189 4160 1390 4256 secundam,
1410 4161 1558 4255 tertiam,
1580 4170 1753 4257 quartam,
1781 4163 1818 4234 in
1840 4164 1968 4259 quibus
1994 4163 2036 4234 de
2063 4163 2305 4259 quaestoribus

552 4317 585 4382 et
617 4310 660 4381 de
695 4310 900 4383 decemuiris
940 4310 1091 4382 stlitibus
1120 4310 1322 4407 judicandis
1357 4311 1491 4406 agitur,
1532 4309 1615 4407 Gaji
1648 4335 1724 4382 esse
1759 4311 1881 4408 Lydus
1919 4311 2107 4384 memoriae
2143 4309 2304 4408 prodidit,

550 4455 742 4555 verumque
767 4460 833 4532 hoo
858 4459 950 4557 Lydi
977 4483 1063 4555 esse,
1086 4461 1162 4558 jam
1189 4484 1296 4558 supra
1322 4460 1681 4534 commemoravimus.
1733 4460 1834 4532 Etsi
1861 4459 2107 4557 paragraphus
2135 4459 2305 4555 vigesima

552 4608 654 4681 tertia
681 4607 763 4705 Gaji
788 4615 859 4703 est,
895 4631 1113 4704 consequens
1139 4615 1213 4702 est,
1249 4608 1354 4680 etiam
1388 4607 1577 4680 secundam
1603 4607 1817 4705 paragraphi
1844 4615 1964 4679 sextae
1990 4607 2145 4680 decimae
2171 4613 2307 4704 partem

552 4757 707 4854 ejusdem
733 4755 815 4853 Gaji
842 4780 928 4828 esse.
980 4755 1023 4827 In
1057 4756 1280 4854 paragrapho
1313 4757 1406 4828 enim
1439 4756 1608 4852 vigesima
1639 4756 1743 4829 tertia
1771 4749 1905 4853 Gajus',
1934 4779 1970 4827 se
1996 4755 2146 4849 dixisse,
2172 4756 2236 4850 ait,
2263 4755 2306 4828 de

553 4905 666 5003 capite
692 4905 778 4977 civis
805 4905 956 4977 Romani
984 4905 1119 5002 injussu
1141 4904 1263 5001 populi
1289 4929 1359 4977 non
1386 4903 1491 4976 luisse
1518 4905 1594 5002 lege
1628 4907 1837 5004 permissum
1864 4905 2065 4980 consulibus
2087 4906 2146 5002 jus
2173 4905 2306 4999 dicere,

552 5054 657 5149 idque
681 5053 796 5150 ipsum
821 5052 858 5124 iu
882 5052 1105 5150 paragrapho
1132 5052 1393 5126 sextadecima
1420 5065 1595 5126 narratur.

701 5201 845 5273 Initium
875 5201 980 5298 hujus
1014 5199 1199 5296 liragmenti
1226 5201 1355 5298 Gajani
1388 5204 1514 5275 verba:
1551 5204 1641 5293 Quia
1679 5211 1807 5298 tamen,
1835 5227 1912 5276 esse
1937 5203 2109 5297 videntur,
2146 5228 2236 5299 quae
2270 5204 2307 5275 in

554 5349 668 5422 media
692 5348 916 5446 paragrapho
944 5349 1205 5422 sextadecima
1232 5349 1408 5446 leguntur.
1458 5350 1601 5445 Neque,
1636 5352 1665 5422 si
1695 5351 1749 5423 his
1776 5351 1891 5423 verbis
1918 5376 2048 5423 novum
2074 5351 2306 5447 fragmentum
