4970 6428
1051 523 1092 588 29

1007 614 1146 622 ——-—·-—-

343 727 484 801 Primae
499 725 714 824 paragraphi
728 723 906 822 trigesima
924 724 1048 820 quinta
1066 731 1102 796 et
1120 731 1221 797 sexta
1237 724 1424 822 Pomponii
1442 749 1512 798 non
1530 748 1607 797 esse
1624 725 1798 798 ridentur.
1831 727 1961 816 Quam·

192 878 248 950 ris
267 877 359 950 eninr
377 876 489 977 primo
508 874 647 970 intuitu,
668 897 760 970 quaa
777 872 1003 972 paragrapho
1021 873 1124 945 tertia
1142 872 1278 946 decima
1295 871 1469 969 promissa
1485 871 1634 968 fuerant,
1654 871 1709 944 his
1726 875 1960 974 paragraphis

198 1026 373 1122 praestari
398 1023 594 1119 videantur,
622 1021 821 1096 accuratius
840 1011 958 1095 tamen
982 1020 1247 1120 inspicientibus
1264 1021 1366 1094 nobis
1392 1029 1549 1118 apparet,
1576 1021 1687 1094 multo
1711 1021 1826 1119 plura,
1854 1047 1960 1118 quae-

198 1199 268 1270 que
302 1197 382 1247 cum
416 1173 602 1271 Pomponii
636 1170 904 1245 demonstrandi
939 1169 1060 1243 ordine
1094 1169 1155 1242 1111
1189 1167 1419 1263 conveniant,
1458 1168 1513 1240 his
1549 1169 1781 1268 paragraphis
1810 1173 1959 1246 sanari

208 1321 425 1419 Pomponius
451 1321 494 1393 de
520 1321 739 1394 successione
773 1320 859 1416 juris
893 1321 1084 1418 peritorum
1119 1342 1156 1390 se
1181 1317 1357 1390 dicturum
1381 1318 1607 1415 promiserat,
1644 1343 1706 1416 per
1729 1344 1817 1415 quos
1838 1321 1897 1418 jus
1924 1323 1961 1396 in

195 1470 321 1543 melius
350 1471 559 1569 productum
585 1479 695 1564 esset3
723 1493 853 1565 eorum,
881 1494 903 1542 a
929 1468 1057 1565 quibus
1089 1467 1148 1564 jus
1182 1467 1361 1540 conditum
1385 1473 1495 1561 esset,
1518 1467 1592 1562 jam
1620 1474 1724 1540 antea
1749 1471 1961 1546 mentionem

194 1601 338 1691 fecerat.
389 1617 426 1690 Is
452 1641 546 1714 vero,
575 1619 675 1714 cujus
701 1624 755 1690 est
779 1616 1024 1715 paragraphus
1049 1615 1229 1712 trigesima
1255 1615 1396 1709 quinta,
1432 1639 1552 1687 eorum
1578 1616 1613 1687 in
1639 1617 1838 1713 praesentia
1865 1641 1960 1690 men·
2017 1703 2022 1710 Ι

200 1769 331 1841 tionem
357 1766 557 1840 habendam
582 1790 658 1839 esse
684 1767 743 1860 ait,
771 1773 806 1838 et
831 1790 853 1838 a
879 1766 1006 1862 quibus
1026 1766 1109 1862 jura
1135 1771 1230 1859 orta,
1259 1771 1293 1837 et
1317 1787 1339 1836 a
1365 1763 1492 1858 quibus
1513 1763 1596 1859 jura
1632 1764 1762 1836 tradita
1788 1765 1868 1862 sint,
1896 1767 1960 1840 ita-

196 1941 266 2012 que
297 1916 451 2013 Papirii,
486 1914 596 2012 Appii
632 1913 789 2009 Claudii,
825 1913 924 1986 Sexti
949 1913 1061 2008 Aelii,
1098 1937 1184 2007 quos
1222 1912 1438 2009 Pomponius
1467 1912 1543 2008 jam
1578 1911 1795 2010 absolverat,
1835 1915 1960 1988 iterum

196 2065 409 2138 mentionem
443 2064 565 2160 injicit.
623 2064 813 2144 Praeterea
847 2062 1063 2160 Pomponius
1096 2061 1278 2158 Papirium
1313 2061 1460 2136 Sextum
1490 2062 1672 2160 Papirium
1705 2063 1958 2162 nominaverat,

199 2213 240 2308 is,
269 2214 368 2311 cujus
394 2221 448 2285 est
483 2213 727 2310 paragraphus
762 2212 940 2308 trigesima
976 2219 1078 2286 sexta
1103 2211 1230 2285 Publio
1256 2211 1400 2309 Papirio
1438 2211 1471 2284 ei
1496 2235 1622 2284 nornen
1649 2211 1747 2284 indit.
1801 2213 1959 2313 Appium

199 2361 387 2434 Claudium
410 2362 627 2460 Pomponius
654 2363 809 2435 actiones
834 2361 879 2434 ad
905 2371 1037 2433 certam
1054 2360 1202 2433 formam
1220 2359 1395 2456 redegisse
1422 2385 1485 2457 pro
1512 2369 1606 2433 certo
1636 2360 1892 2458 affirmaverat,
1917 2364 1958 2460 is,

200 2512 301 2608 cujus
327 2519 381 2583 est
403 2511 649 2609 paragraphus
675 2511 854 2607 trigesima
879 2517 990 2604 sexta,
1026 2533 1095 2582 non
1122 2509 1190 2581 nisi
1217 2508 1384 2581 traditum
1410 2532 1486 2580 csse
1513 2517 1779 2605 commemorat,
1803 2509 1962 2608 Appium

198 2657 386 2731 Claudium
413 2659 568 2732 actiones
595 2659 787 2756 scripsisse.
839 2659 1000 2754 Denique
1037 2682 1127 2754 quae
1164 2657 1388 2756 paragrapho
1423 2658 1602 2754 trigesima
1636 2666 1761 2731 octava
1787 2659 1831 2730 de
1854 2659 1960 2734 Sexto

198 2808 303 2880 Aelio
338 2815 546 2905 narrantur,
581 2807 816 2904 Pomponius,
853 2807 914 2903 qui
942 2807 1017 2904 jam
1052 2814 1156 2880 antea
1184 2805 1226 2880 de
1252 2805 1374 2880 ecdem
1401 2805 1507 2880 Sexto
1535 2807 1636 2880 Aelio
1663 2813 1800 2902 egerat,
1826 2807 1888 2879 rix
1912 2807 1962 2880 ita

199 2958 412 3031 narraverit.

351 3107 418 3178 XI.
447 3107 498 3179 At
524 3131 593 3180 non
620 3108 756 3202 omnia,
794 3131 884 3203 quae
920 3108 1011 3180 inter
1044 3106 1287 3205 paragraphos
1313 3107 1527 3202 trigesimam
1555 3109 1714 3203 quintam
1741 3116 1774 3181 et
1800 3115 1961 3183 octavam

200 3256 384 3352 leguntur,
419 3256 576 3353 ejusdem
607 3257 784 3354 scriptoris
819 3281 894 3331 esse
920 3257 1094 3329 videntur.
1146 3256 1232 3328 Post
1268 3255 1419 3328 mediam
1450 3257 1713 3354 paragraphum
1746 3257 1961 3354 trigesimam

202 3413 341 3478 sextam
367 3404 455 3478 hacc
481 3405 590 3478 rerba
616 3405 792 3478 celebrata
816 3405 997 3502 leguntur:

551 3553 658 3626 Hunc
684 3554 789 3627 etiam
815 3554 970 3627 actiones
997 3553 1179 3652 scripsisse
1206 3553 1373 3626 traditum
1401 3562 1454 3627 est
1479 3556 1630 3653 primurn
1656 3555 1699 3628 de
1724 3557 1960 3654 usurpationi·

401 3702 477 3796 bns,
505 3700 565 3797 qui
591 3701 678 3774 liber
704 3726 774 3775 non
801 3709 927 3775 exstat.
979 3701 1077 3776 Idem
1103 3703 1243 3800 Appius
1262 3703 1442 3798 Claudius,
1470 3705 1530 3800 qui
1555 3705 1693 3776 videtur
1719 3707 1764 3778 ab
1790 3704 1856 3778 hoc
1881 3730 1961 3804 pro-

402 3850 547 3920 cessisse
573 3855 638 3921 etc.

351 3996 522 4070 Mendosa
548 4021 623 4070 esse
649 4022 690 4071 ea
715 3999 837 4094 verba,
864 3999 983 4097 palam
1011 4008 1083 4095 est,
1118 3999 1320 4095 multaeque
1349 4001 1425 4098 jam
1450 4002 1637 4098 variaeque
1671 4002 1714 4076 iis
1741 4005 1961 4101 conjecturae

203 4153 238 4218 ct
265 4144 569 4242 interpretationes
596 4145 806 4241 obtigerunt.
859 4147 949 4220 Sunt
974 4148 1034 4243 qui
1059 4150 1205 4221 verbum
1228 4149 1399 4222 Actiones
1426 4149 1568 4223 elimare
1591 4150 1774 4224 voluerint.
1811 4153 1961 4242 ‘Verum

205 4303 479 4369 consentaneum
503 4318 576 4367 non
602 4301 664 4390 est,
690 4319 779 4390 eum,
807 4296 868 4391 qui
888 4296 1147 4393 jureconsultos
1175 4306 1442 4371 enumeraturus
1468 4305 1561 4393 erat,
1589 4300 1762 4395 aquibus
1783 4301 1865 4397 jura
1891 4302 1961 4376 Ro·

205 4467 311 4516 mana
337 4451 437 4517 crta
463 4450 497 4516 et
522 4442 651 4516 hadita
677 4443 756 4538 sint,
784 4447 894 4544 Appii
920 4445 1058 4520 Claudii
1084 4446 1239 4519 actiones
1264 4447 1407 4542 quidem
1430 4449 1661 4545 praeteriisse,
1689 4449 1818 4522 librum
1844 4459 1961 4526 autem

206 4593 383 4688 quendam
414 4593 627 4688 singularem
665 4592 707 4665 de
743 4595 1029 4692 usurpationibus
1068 4596 1405 4670 commemoravisse.
1465 4599 1653 4672 Praeterea
1688 4599 1775 4672 liber
1814 4602 1898 4676 iste·
1917 4605 1960 4678 de

206 4741 493 4840 usurpationibus
527 4743 813 4816 obscurissimum
849 4743 936 4840 legis
967 4745 1140 4818 secundae
1167 4746 1211 4818 de
1236 4746 1369 4842 origine
1390 4749 1480 4844 juris
1507 4751 1668 4846 aenigma
1693 4760 1764 4846 est,
1791 4753 1884 4825 unde
1909 4753 1959 4849 fit,

206 4899 257 4986 ut,
293 4891 409 4964 siant
446 4891 600 4964 actiones
635 4892 825 4986 ejiciendae
860 4901 957 4986 sunt,
995 4901 1056 4966 aut
1090 4894 1178 4968 liber
1210 4894 1254 4968 de
1279 4898 1580 5002 usurpationibus,
1615 4901 1727 4997 magis
1754 4905 1959 5000 censuerim,

206 5037 301 5110 hunc
327 5036 455 5112 librum
481 5063 557 5112 esse
584 5041 803 5136 ejiciendum.
856 5041 995 5114 Verba:
1021 5043 1174 5140 primum
1200 5045 1243 5117 de
1268 5046 1571 5143 usurpationibus,
1606 5049 1819 5148 depravatae
1854 5077 1960 5148 quac·

207 5187 289 5259 dam
316 5186 483 5281 reliquiae
507 5187 744 5285 inscriptionis
774 5189 923 5287 alicujus
957 5213 1033 5263 esse
1068 5191 1247 5288 videntur,
1278 5192 1397 5266 forsan
1431 5217 1476 5266 ex
1509 5195 1695 5294 Pomponii
1725 5199 1814 5273 libro
1847 5201 1961 5297 primo

207 5360 254 5408 ex
279 5336 387 5408 variis
413 5336 620 5411 lectionibus
647 5345 762 5434 ortae,
791 5363 991 5435 novumque
1017 5341 1059 5412 iis
1085 5342 1202 5415 verbis
1227 5340 1461 5440 fragmentum
1488 5345 1640 5445 incipere
1667 5348 1815 5422 ridetur.
1866 5349 1960 5424 Nam
