4970 6428
1413 526 1434 587 4

540 751 610 814 χοο
632 727 650 792 ὁ
675 732 737 790 τῶν
759 725 977 809 reportabitur
998 727 1175 809 προῆλθον
1197 726 1364 812 ἔπαρχος.
1416 726 1419 857 ξ
1473 723 1636 820 publicae
1663 725 1708 797 ad
1733 726 1960 824 imperatores
1977 738 2164 826 perpetuos
2182 739 2304 804 trans-

540 877 599 942 καὶ
612 875 742 941 ‹lfdorm
759 875 851 958 αὐτῷ
859 875 983 961 μείζων
995 877 1016 958 ἡ
1031 879 1102 942 κατ’
1113 879 1243 944 ἐκεῖνον
1258 880 1363 964 ἰσχύς
1417 917 1419 984 ,
1474 870 1563 966 latia,
1583 873 1628 944 ad
1646 873 1907 948 similitudinem
1934 878 2179 973 magistrorum
2202 880 2304 976 equi-

540 1030 600 1110 ιῆς
626 1049 657 1090 ιι
681 1025 885 1108 διοικήσεως
913 1029 977 1090 τῶν
1005 1025 1214 1111 πραγμάτιον
1243 1031 1300 1110 τῆς
1331 1050 1364 1092 τι
1415 1007 1418 1127 l
1472 1027 1546 1092 tum
1588 1021 1754 1120 praefecti
1796 1026 1969 1121 praetorio
2012 1051 2033 1099 a
2079 1027 2303 1126 principibus

539 1174 782 1256 καταστάσεως
810 1175 868 1240 καὶ
894 1175 1077 1257 ἀσκήσοως
1109 1181 1172 1238 rw'r
1206 1195 1364 1258 ‹raparav-
1415 1138 1418 1247 l
1472 1170 1573 1242 electi
1603 1179 1703 1264 sunt,
1727 1172 1809 1244 data
1841 1181 1893 1244 est
1924 1173 2060 1272 plenior
2085 1175 2134 1247 eis
2156 1175 2303 1248 licentia

538 1325 654 1411 μάτων
681 1325 739 1389 καὶ
760 1325 1036 1408 ἐπαιόρθοιίτεως
1059 1325 1208 1408 ἁπάσης,
1232 1324 1290 1388 καὶ
1312 1328 1361 1404 εἰς
1471 1319 1515 1390 ad
1556 1319 1761 1417 disciplinae
1804 1322 1964 1419 publicae
2005 1324 2298 1397 emendationem.

540 1481 701 1541 ιοοοῡιοι
732 1475 908 1560 ὑπεροχῆς
931 1473 1131 1556 apotamo,
1167 1475 1213 1553 οῖς
1243 1474 1363 1559 Ιοηι)ιοὶ
1414 1526 1416 1541 ,
1471 1468 1538 1540 His
1578 1469 1762 1542 cunabulis
1805 1471 2059 1568 praefectorum
2102 1473 2299 1546 auctoritas

537 1628 666 1713 ἐξεῖναι
685 1627 774 1708 πρὸς
804 1623 926 1705 ’ἑφιοιο
950 1625 1064 1709 oppda
1091 1624 1112 1706 ᾖ
1140 1621 1229 1702 ὅλος
1263 1627 1362 1688 tazo-
1470 1615 1606 1689 initiata
1638 1619 1837 1690 intantum
1862 1620 1989 1691 meruit
2010 1622 2141 1716 augeri,
2170 1630 2207 1692 nt
2234 1646 2297 1718 ap-

538 1775 677 1840 la‘obac
700 1778 759 1858 ιῇι
780 1776 887 1839 αὐτοῦ
906 1773 1033 1857 κρίοιι.
1468 1763 1593 1862 pellari
1619 1790 1640 1837 a
1666 1766 1849 1864 praefectis
1874 1771 2049 1864 praetorio
2074 1793 2144 1841 non
2172 1770 2295 1868 possit.

686 1910 811 1983 Palam
832 1916 915 2004 rest,
951 1909 1097 1982 Arcadii
1122 1907 1272 1982 Charisii
1307 1915 1459 2000 textum,
1494 1927 1598 2000 quem
1624 1905 1746 2002 Lydus
1770 1931 1897 2002 graece
1928 1908 2052 2002 vertit,
2087 1909 2296 2007 ampliorem

453 2045 458 2053 ¹
535 2059 660 2152 fuisse,
696 2083 803 2154 quam
835 2059 895 2152 qui
921 2057 1021 2130 nobis
1046 2057 1083 2128 in
1110 2056 1298 2130 Pandectis
1325 2063 1483 2128 servatus
1518 2060 1580 2126 est.
1633 2053 1686 2126 De
1713 2062 1885 2152 potestate
1911 2055 2168 2153 praefectorum
2194 2084 2295 2156 prae-

503 2209 506 2218 ’
536 2209 624 2282 torio
651 2208 752 2306 plura
781 2208 888 2279 verba
911 2206 1004 2278 facta
1027 2205 1184 2300 fuerant,
1224 2207 1461 2303 scriptumque
1487 2203 1619 2292 fuerat,
1647 2203 1682 2274 in
1709 2213 1846 2276 tantum
1874 2213 2014 2278 auctam
2039 2206 2145 2278 fuisse
2173 2231 2295 2280 eorum

538 2358 791 2450 auctoritatem,
818 2365 857 2428 ut
883 2381 995 2452 neque
1020 2355 1192 2454 appellari
1216 2358 1261 2428 ab
1286 2356 1329 2428 iis
1355 2355 1475 2453 possit,
1504 2379 1616 2451 neque
1639 2355 1837 2428 omnimodo
1861 2365 1982 2428 contra
2008 2380 2129 2428 eorum
2155 2364 2295 2429 senten-

538 2505 605 2578 tias
629 2506 821 2605 supplicari
833 2507 870 2601 7).
922 2507 1051 2579 Utrum
1076 2506 1199 2602 Lydus
1226 2506 1301 2603 ipso
1326 2505 1472 2578 Arcadii
1497 2497 1649 2576 Charisii
1675 2504 1763 2576 libro
1790 2504 1832 2576 de
1859 2503 1972 2576 officio
1999 2503 2166 2601 praefecti
2191 2528 2293 2602 prue-

486 2640 489 2647 ’
537 2655 625 2727 torio
651 2679 736 2728 usus
763 2655 822 2748 sit,
849 2679 895 2726 an
922 2651 1064 2726 meliore
1091 2653 1350 2727 Pandectarurn
1378 2652 1507 2746 codice,
1535 2677 1641 2748 quam
1667 2651 1808 2747 qualem
1833 2676 1897 2724 nos
1920 2651 2101 2746 habemns,
2129 2651 2294 2723 difficilli-

537 2827 633 2874 mum
659 2811 711 2874 est
738 2803 940 2899 dijudicata.
992 2803 1079 2874 Veri
1102 2803 1248 2874 similius
1266 2802 1414 2894 videtur,
1441 2801 1581 2897 Lydum
1607 2803 1684 2899 ipsa
1703 2801 1853 2874 Charisii
1870 2803 1977 2874 rerba
2005 2825 2176 2897 servasse,
2201 2826 2292 2898 quae

537 2950 843 3024 aPandectarum
872 2951 1160 3048 compositoribus
1186 2951 1345 3024 consulto
1372 2950 1533 3024 mutilata
1568 2951 1637 3022 sint
1668 2952 1712 3024 ob
1747 2950 1922 3023 novellam
1949 2951 2137 3024 Theodosii
2164 2949 2292 3024 consti-

537 3100 705 3174 tutionem
722 3099 766 3171 de
785 3099 1038 3197 supplicatione
1056 3100 1224 3172 adversus
1242 3100 1432 3172 sententias
1451 3099 1703 3197 praefectorum
1721 3101 1896 3198 praetorio
1922 3100 2139 3173 admittenda
2172 3098 2289 3194 latam,

536 3273 626 3344 quae
653 3250 689 3321 in
717 3250 870 3323 codicem
895 3249 1154 3323 Justinianeum
1180 3256 1321 3346 recepta
1347 3249 1447 3344 esth.

686 3401 722 3493 2)
748 3397 901 3470 Secundi
925 3397 1112 3494 fragmenti
1136 3409 1314 3473 auctorem
1338 3401 1460 3498 Lydus
1484 3401 1630 3474 Junium
1657 3399 1906 3472 Gracchanum
1933 3407 2125 3496 nuncupat.
2181 3401 2230 3471 At
2261 3399 2290 3470 si

536 3552 615 3648 quis
641 3551 748 3622 verba
776 3547 916 3643 aLydc
934 3548 1044 3620 relata
1061 3551 1259 3630 accuratius
1277 3551 1479 3648 inspexerit,
1507 3558 1613 3656 atque
1640 3572 1719 3620 cum
1740 3547 1886 3644 Ulpiani
1908 3547 2102 3643 fragmento
2130 3573 2175 3620 ex
2202 3548 2289 3620 libro

537 3697 707 3796 singulari
740 3697 782 3769 de
818 3696 931 3769 officio
963 3696 1157 3790 quaestoris
1184 3697 1361 3793 desumto,
1397 3698 1491 3794 quod
1527 3699 1601 3794 lege
1629 3701 1733 3770 unica
1760 3697 1803 3770 de
1830 3697 1942 3770 officio
1969 3699 2164 3793 quaestoris
2189 3698 2289 3770 nobis

537 3856 712 3922 serratum
748 3856 817 3942 est,
853 3846 1057 3938 contulerit,
1092 3847 1259 3943 reperiet,
1294 3848 1435 3945 Lydum
1465 3872 1536 3920 non
1572 3848 1681 3945 ipsius
1711 3847 1810 3918 Junii
1845 3845 2047 3920 Gracchani
2085 3846 2212 3919 librum
2246 3847 2289 3918 de

536 3997 765 4095 potestatibus
799 3997 1034 4094 excerpsisse,
1071 3996 1114 4067 de
1149 4021 1217 4092 quo
1255 3998 1328 4095 ipse
1359 3999 1394 4069 in
1421 3998 1615 4095 prooemio:
1644 4003 1799 4087 occupas
1821 3998 1865 4078 a,
1889 3995 2012 4091 inquit,
2051 4001 2091 4064 ιιὶ
2113 3999 2289 4086 γραφέντα

536 4152 680 4234 φέρεται
708 4155 793 4232 ἴσως
826 4153 923 4230 αὐτοὶ,
954 4151 1090 4230 ,τάττοις
1120 4150 1154 4216 δὲ
1183 4151 1240 4215 καὶ
1262 4151 1348 4215 αὐτὰ
1378 4159 1437 4216 τοῦ
1463 4150 1596 4237 χρόνου
1627 4151 1782 4230 τεκόντος
1816 4147 1887 4235 ἅμα
1909 4149 1966 4212 καὶ
1988 4148 2205 4230 norithone-3,
2229 4144 2289 4216 sed

536 4323 627 4394 qnae
653 4298 766 4392 refert,
795 4322 839 4368 ex
859 4297 1023 4394 Ulpian0,
1051 4320 1154 4390 quem
1176 4297 1250 4393 ipse
1275 4298 1503 4394 praecipuum
1529 4295 1660 4369 fontem
1688 4296 1868 4392 potestatis
1895 4295 2115 4390 quaestoriae
2143 4317 2288 4388 cognos-

535 4448 666 4520 cendae
693 4445 862 4537 nominat,
889 4443 1126 4540 descripsisse.

632 4594 752 4667 Verba
778 4591 870 4687 Lydi
895 4589 924 4686 I,
952 4592 1010 4661 24.
1036 4590 1123 4664 haec
1151 4601 1250 4663 sunt:
1564 4594 1683 4666 Verba
1710 4592 1857 4689 Ulpiani
1881 4592 1968 4664 haec
1996 4599 2097 4662 sunt:

629 4745 907 4834 προεχειρίζοντο
924 4743 1033 4829 ’ψήφῳ
1050 4743 1242 4828 τοῠιῖήμου.
1269 4748 1357 4808 Τοῦ·
1564 4740 1794 4813 Gracchanus
1840 4740 1990 4835 deniqne
2031 4741 2160 4812 Jnnlus
2200 4740 2288 4811 libro

536 4895 596 4978 λος
613 4899 647 4962 a
671 4899 689 4961 ό
711 4897 877 4983 ρἡμιιιὶ
900 4895 1039 4973 τούτους
1061 4894 1248 4979 obscurantur·
1270 4893 1356 4960 ιὶοιιι
1466 4891 1612 4988 septimo
1629 4890 1672 4962 de
1698 4890 1926 4987 potestatibus
1953 4890 2058 4961 etiam
2084 4889 2199 4985 ipsum
2217 4887 2288 4960 Ro-

701 5248 724 5324 7)
748 5249 785 5307 cf.
810 5245 1157 5323 Bethmann-Hollweg,
1181 5244 1234 5303 der
1256 5242 1404 5302 rbmisehe
1428 5242 1641 5321 Civilprocess.
1684 5241 1741 5302 ln.
1763 5263 1792 5320 p.
1815 5244 1884 5302 338.
1909 5261 1974 5320 sqq.

701 5382 724 5460 ³)
747 5381 784 5440 cf.
809 5380 887 5440 Nor.
910 5377 1061 5437 Theodos.
1086 5379 1133 5437 13.
1156 5397 1181 5438 c.
1205 5397 1255 5437 un.
1279 5375 1314 5436 C.
1337 5375 1369 5436 J.
1393 5375 1430 5434 de
1453 5383 1528 5436 sent.
1550 5373 1645 5452 praef.
1668 5383 1764 5453 praet.
1789 5375 1815 5442 7,
1839 5374 1888 5433 42.
