4970 6428
1049 531 1087 594 13

186 731 473 804 Existimandum
506 741 559 802 est
569 729 628 828 31),
665 730 844 829 Respondi
855 730 905 826 ³⁸),
933 731 1060 826 utitur,
1097 744 1158 805 aut
1194 734 1321 805 omisso
1354 733 1449 805 omni
1484 735 1668 806 verborum
1698 736 1832 810 ambitu
1866 762 1945 811 earn

187 885 364 957 enunciat.

339 1035 574 1108 Basilicarum
609 1032 816 1105 scholiastas
852 1033 889 1103 in
922 1031 1082 1104 Africani
1125 1031 1399 1127 fragmentorum
1442 1032 1650 1130 paraphrasi
1689 1041 1821 1130 sepham
1858 1035 1944 1108 locis

186 1187 296 1258 verbo
323 1185 518 1282 Respondit
544 1185 599 1255 vel
625 1183 684 1255 alii
710 1182 814 1280 hujus
841 1183 935 1256 modi
961 1185 1067 1255 verbo
1093 1182 1228 1254 Juliani
1254 1205 1380 1254 nornen
1407 1181 1575 1278 adjecisse
1600 1181 1737 1254 hireni:

341 1338 375 1430 1)
402 1333 443 1408 In
457 1332 679 1432 paraphrasi
704 1333 790 1429 legis
819 1335 864 1404 22
891 1333 934 1406 de
960 1333 1163 1405 manumiss.
1190 1339 1268 1404 test.
1295 1332 1414 1424 (finem
1440 1334 1588 1426 versus).

288 1485 330 1558 In
355 1485 544 1558 Pandectis
571 1484 715 1580 legitur:
1064 1495 1065 1549 1
1218 1481 1261 1553 In
1288 1479 1437 1552 Scholiis
1463 1480 1508 1552 ad
1534 1480 1618 1553 Bas.
1645 1483 1704 1576 48,
1733 1483 1766 1576 8,
1795 1484 1860 1554 33:

288 1635 484 1730 quaesitum
510 1642 573 1728 est,
594 1690 602 1704 .
623 1690 659 1704 ..
685 1637 731 1705 an
757 1631 787 1704 si
814 1686 822 1700 .
850 1687 858 1702 .
887 1687 906 1724 .,
934 1654 1011 1728 per·
1223 1633 1370 1718 ἐζητήθη
1400 1631 1435 1698 δὲ
1464 1636 1543 1716 περὶ
1569 1685 1577 1701 .
1602 1685 1609 1701 .
1635 1686 1642 1700 .
1673 1641 1702 1701 εἰ
1730 1639 1788 1702 καὶ
1819 1639 1945 1725 γίνεται

187 1791 307 1864 veniat
340 1789 384 1860 ad
421 1787 628 1859 libenatem.
685 1737 898 1878 Respondit:
934 1803 1012 1876 per·
1044 1820 1067 1886 ,p
1120 1784 1318 1866 ἐλεύθερος.
1342 1784 1400 1850 καὶ
1416 1785 1622 1868 ἀπεκρίνατο
1637 1789 1830 1868 Ἰουλιανὸς,
1852 1792 1944 1854 ἐλευ-

187 1946 385 2010 venturum.
1065 1984 1067 2013 ,
1120 1935 1318 2018 saponaria
1340 1935 1452 2002 αὐτόν.

338 2090 375 2182 2)
403 2086 444 2159 In
470 2083 682 2184 paraphrasi
710 2083 796 2178 legis
822 2084 869 2153 49
897 2081 939 2152 de
966 2079 1139 2154 fidcomm.
1166 2079 1226 2152 lib.

287 2235 328 2307 ln
356 2235 545 2308 Pandeetis
571 2233 716 2330 legitur:
1066 2228 1069 2355 )
1219 2227 1261 2299 In
1285 2226 1433 2300 Saholiis
1459 2227 1504 2299 ad
1532 2227 1615 2300 Bas.
1641 2229 1700 2323 48,
1725 2231 1758 2322 4,
1786 2231 1854 2300 49:

287 2385 455 2457 Ominum
479 2383 553 2456 fieri
579 2382 741 2454 libertum
769 2380 958 2478 respondit.
1064 2372 1067 2475 )
1224 2383 1377 2464 Ὀρκῖνον
1405 2379 1563 2466 γίνεσθαι
1597 2381 1653 2445 niu
1685 2383 1818 2465 οἰκέτην
1850 2381 1943 2450 εἶπεν

1063 2484 1066 2638 i
1115 2529 1309 2609 Ἰουλιανός.

339 2701 375 2794 3)
401 2697 444 2770 In
470 2696 680 2796 paraphrasi
706 2696 792 2793 legis
821 2699 865 2768 15
893 2720 946 2792 pr.
973 2693 1018 2766 de
1046 2693 1200 2765 statulib.

286 2849 328 2922 In
355 2848 543 2922 Pandeetis
571 2847 717 2942 legitur:
1032 2905 1034 2910 .
1219 2840 1260 2913 In
1287 2829 1435 2913 Scholii's
1462 2840 1508 2914 ad
1533 2841 1617 2913 Bas.
1644 2842 1702 2935 48,
1731 2845 1763 2936 5,
1792 2845 1854 2916 16;

188 2999 306 3072 statim
331 3023 412 3070 eum
438 2998 481 3070 ad
509 2997 705 3070 libertatem
722 3019 798 3068 essa
824 3005 1011 3069 venturum
1064 3036 1066 3087 :
1224 2997 1316 3080 λέγει
1336 2996 1536 3074 Ἰουλιανός,
1568 2997 1614 3074 ὥς
1645 2995 1814 3078 ἀναφέρει
1839 2997 1943 3063 αὐτόν

187 3146 411 3218 existimavit.
1064 3174 1066 3247 3
1120 3146 1138 3208 ό
1181 3143 1388 3225 Ἀφρικανός
1444 3149 1661 3230 παραχρῆμα
1706 3147 1943 3228 ἐλευθερῶσαι

1065 3260 1067 3396 i
1121 3289 1236 3385 (leget
1263 3293 1556 3378 ἐλευθερούσθω)
1579 3296 1633 3358 τόν
1655 3294 1797 3376 οἰκέτην.

334 3435 372 3529 4)
398 3433 531 3506 Eodem
558 3434 578 3526 ξ
608 3436 639 3504 1.

186 3585 429 3681 quaerebatur,
459 3585 526 3657 utri
552 3640 559 3654 .
589 3640 596 3655 .
626 3641 633 3654 .
658 3584 862 3682 Respondit,
889 3583 1010 3656 heredi
1221 3583 1280 3648 καὶ
1302 3583 1463 3666 ε’ζητήθη,
1488 3582 1573 3648 τίνι.
1591 3633 1598 3648 .
1616 3633 1635 3662 .,
1658 3583 1716 3648 καὶ
1734 3584 1941 3665 ἀπεκρίνατο

185 3736 269 3809 dare
296 3736 432 3807 debere.
1061 3716 1064 3799 i
1117 3690 1314 3810 'Iorrhahr-uig,
1347 3731 1500 3812 ὀφείλειν
1530 3733 1633 3796 αὐτόν
1664 3737 1708 3814 τῴ
1736 3732 1940 3818 κληρονόμῳ

1062 3950 1063 3988 ,
1117 3882 1259 3948 nardum.

332 4051 369 4142 5)
395 4047 437 4119 In
464 4046 676 4144 paraphrasi
703 4047 789 4142 legis
818 4050 860 4118 61
890 4051 910 4143 ξ
938 4050 959 4118 5
986 4047 1029 4120 de
1054 4044 1135 4118 furt.

248 4224 252 4233 ·
283 4195 325 4266 In
354 4195 542 4267 Pandeetis
569 4195 713 4291 legitur:
1060 4197 1062 4323 )
1214 4194 1256 4266 In
1282 4193 1430 4267 Scholiis
1457 4194 1502 4266 ad
1529 4194 1612 4266 Bas.
1641 4197 1698 4288 60,
1729 4198 1784 4288 12,
1813 4197 1877 4266 61:

282 4343 441 4417 dubitare
475 4369 511 4416 se
543 4345 610 4436 ait,
645 4368 864 4440 numaeque
891 4345 1007 4417 dieen-
1060 4351 1062 4404 Ι
1217 4347 1481 4434 ιὶμφιβάλλεηιι,
1496 4347 1608 4434 ἔλεγεν
1623 4349 1843 4428 flaviniana,
1858 4348 1942 4435 μήτι

183 4493 266 4564 (lum
293 4493 347 4564 sit.
1115 4497 1214 4561 παντὶ
1237 4497 1349 4580 τρόπῳ
1370 4546 1377 4561 .
1402 4546 1409 4561 .
1434 4546 1442 4563 .

182 4785 715 4792 --------.-.-.--

349 4971 388 5052 ³⁵)
412 4972 450 5031 cf.
474 4969 495 5032 l.
519 4976 535 5031 7
559 4972 674 5034 densa
697 4983 727 5033 et
748 4973 819 5032 hab.
856 4970 878 5033 l.
901 4974 940 5032 35
963 4971 1002 5032 de
1024 4972 1108 5052 vulg.
1133 4982 1164 5032 et
1186 4993 1258 5052 pup-
1282 4971 1376 5030 subsst·
1409 4967 1800 5050 l·109·§ldel⁰8·¹·

349 5105 390 5184 3θ)
412 5105 450 5164 cf.
473 5103 494 5166 l.
519 5108 558 5165 64
579 5105 617 5164 de
635 5106 696 5184 leg.
719 5104 777 5164 III.

348 5243 374 5277 ³⁷
411 5236 449 5296 ef,
473 5234 495 5297 l.
519 5239 569 5298 61.
593 5237 613 5315 ξ
636 5239 652 5294 7
677 5235 714 5296 da
736 5236 808 5295 furt.

380 5371 390 5448 )

348 5375 376 5414 ³⁸
413 5369 453 5430 cf.
476 5367 496 5431 l.
523 5371 590 5434 108.
614 5371 634 5448 ξ
654 5375 672 5432 2
696 5369 734 5428 de
757 5369 816 5448 leg.
838 5369 864 5429 Ι.
897 5366 919 5430 l.
942 5371 959 5428 7
982 5366 1019 5428 de
1041 5369 1170 5430 confess.
1199 5367 1221 5432 l.
1245 5373 1283 5431 23
1307 5370 1345 5429 de
1367 5379 1447 5450 pact.
1470 5369 1563 5430 dotal.
1597 5369 1619 5432 l.
1642 5375 1681 5434 34
1702 5371 1758 5432 sol.
1781 5383 1870 5432 matr.
