4970 6428
1414 515 1453 578 28

556 725 637 796 sint.
689 720 873 818 Pomponii
899 718 1082 792 enchiridii
1113 723 1231 790 autem
1261 715 1354 788 hanc
1385 714 1647 813 paragraphum
1684 737 1755 787 non
1782 737 1876 807 esse,
1911 713 2043 786 indicat
2068 713 2316 811 paragraphus

557 871 735 969 trigesima
761 877 897 965 quarta,
926 891 1016 965 quae
1043 867 1200 940 tribunos
1226 865 1375 938 militum
1400 865 1538 938 omittit.

703 1019 768 1092 VI.
793 1017 1042 1115 Peragraphos
1068 1017 1274 1113 vigesimam
1299 1022 1446 1110 sextam,
1473 1014 1677 1114 septimam,
1704 1021 1866 1086 octavam
1890 1014 2149 1086 Pendectarum
2174 1039 2316 1111 compo-

559 1173 681 1244 sitores
708 1169 822 1241 denuo
849 1192 893 1240 ex
917 1167 1104 1265 Pomponii
1128 1166 1319 1239 enchiridio
1347 1172 1557 1238 sumserunt.
1608 1163 1682 1235 Eae
1717 1162 1930 1260 paragraphi
1965 1161 2086 1260 procul
2118 1161 2224 1234 dubio
2252 1185 2317 1260 pa·

560 1320 775 1418 ragraphum
801 1317 1006 1415 vigesimam
1033 1317 1182 1413 primam
1208 1323 1430 1414 exceperant.

708 1465 791 1537 VII.
819 1461 1040 1560 Peragraphi
1066 1461 1349 1556 undetrigesima,
1376 1462 1566 1558 trigesima,
1591 1464 1770 1560 trigesima
1788 1465 1901 1562 prima
1928 1463 2161 1561 aPomponio
2179 1463 2317 1536 alienae

561 1625 653 1689 sunt.
704 1612 932 1708 Magistratus
951 1611 1113 1706 minores,
1140 1635 1289 1705 quorum
1307 1611 1342 1683 in
1360 1611 1414 1684 bis
1432 1613 1664 1711 paragraphis
1683 1615 1812 1688 mentio
1830 1615 1878 1709 fit,
1898 1639 1968 1688 non
1988 1614 2057 1687 dici
2074 1621 2220 1712 possunt
2232 1614 2317 1709 jura

561 1765 693 1838 rexisse
717 1763 776 1858 (cl.
796 1765 815 1857 ξ
838 1763 908 1857 13),
935 1785 1048 1857 neque
1082 1760 1225 1833 nomina
1255 1783 1374 1833 eorum
1409 1762 1444 1832 in
1479 1763 1702 1861 paragrapho
1737 1764 1916 1860 trigesima
1942 1771 2068 1858 quarta
2094 1763 2316 1835 exhibentur.

562 1922 697 1996 Auctor
713 1913 854 1985 illarum
875 1909 1178 2009 paragraphorum
1203 1910 1309 2008 plane
1326 1911 1524 2008 incognitus
1550 1920 1613 1984 est.
1655 1913 1836 2011 Suspicari
1862 1912 1953 2008 licet,
1982 1937 2041 1985 aas
2059 1911 2206 2010 Ulpiani
2226 1936 2315 2006 esse,

563 2090 607 2136 ox
633 2064 708 2160 ejus
727 2061 824 2134 libris
843 2061 885 2132 de
912 2061 1072 2132 omnibus
1099 2059 1332 2132 tribunalibus
1358 2060 1548 2134 desumtas.
1600 2061 1840 2159 Suspicionem
1870 2085 1947 2134 eam
1971 2067 2087 2133 movet
2103 2059 2236 2156 Lydus,
2255 2061 2318 2156 qui

567 2213 756 2310 Ulpianum
774 2211 810 2283 in
824 2211 1130 2284 Protribunalibus
1144 2215 1354 2296 λεπτοτέρως
1378 2220 1457 2295 τούς
1480 2216 1560 2299 περὶ
1582 2223 1647 2280 τών
1669 2217 1874 2298 πραιτώρων
1897 2216 2087 2302 διεξελθεῖν
2110 2213 2234 2301 λόγους
2255 2211 2316 2282 ait.

564 2362 656 2452 Quid
676 2363 705 2434 si
730 2362 921 2460 inscriptis,
945 2386 1034 2458 quae
1052 2362 1268 2457 indicaverit,
1288 2361 1549 2460 paragraphum
1565 2361 1780 2457 trigesimam
1804 2361 1993 2434 secundam
2017 2361 2203 2458 Pomponii
2228 2385 2316 2454 esse,

558 2512 634 2606 jam
652 2511 689 2582 in
706 2512 799 2608 Lydi
823 2511 1083 2584 Pendectarum
1109 2512 1303 2610 exemplari
1327 2513 1455 2585 omissa
1480 2512 1594 2607 hierit,
1621 2511 1678 2584 vel
1695 2512 1817 2608 Lydus
1835 2535 1912 2583 eam
1934 2535 2004 2584 non
2031 2510 2318 2583 animadverterit

566 2661 683 2734 rolin
706 2662 873 2734 memoria
898 2685 968 2734 non
994 2662 1185 2757 retinuerit,
1213 2663 1330 2758 itaque
1357 2663 1393 2735 in
1420 2679 1571 2736 errorem
1598 2661 1760 2734 inductus
1787 2659 1909 2755 fuerit,
1936 2660 2038 2755 quasi
2072 2659 2318 2757 paragraphus

568 2835 706 2906 quoque
732 2809 911 2906 trigesima
938 2811 1091 2883 secunda
1117 2810 1272 2906 ejusdem
1298 2812 1445 2910 Ulpiani
1473 2813 1527 2907 sit,
1555 2812 1656 2908 cujus
1682 2809 1929 2909 praecedentes
1967 2808 2208 2908 paragraplros
2242 2833 2318 2882 esse

564 2985 685 3034 earum
711 2959 890 3058 inscriptio
917 2959 1185 3032 declaraverat?
1219 2961 1412 3058 Ulpianum
1439 2961 1527 3034 alios
1553 2969 1731 3058 praetores
1758 2960 1939 3033 tutelarios
1965 2960 2051 3033 alios
2076 2959 2319 3033 fideicommis-

566 3109 676 3181 sarios
703 3108 897 3206 appellare,
932 3108 1088 3180 incertae
1114 3109 1231 3206 potius
1257 3110 1462 3204 memoriae,
1499 3135 1605 3206 quem
1637 3117 1752 3182 certae
1782 3109 1922 3182 lectioni
1947 3108 2073 3181 debere
2099 3114 2252 3206 poteret,
2286 3115 2320 3180 et

566 3281 687 3330 reuera
712 3281 803 3351 eum,
828 3256 911 3329 dum
938 3257 1123 3351 scriberet,
1161 3264 1362 3330 accuratum
1390 3257 1538 3357 Ulpiani
1571 3267 1760 3332 ‘tractatum
1794 3283 1864 3332 non
1891 3267 1971 3332 ante
1998 3259 2117 3333 oculos
2142 3258 2319 3351 habuisse,

566 3431 607 3480 eo
633 3406 852 3503 sublevatur,
888 3406 992 3502 quod,
1020 3405 1181 3501 quamvis
1206 3405 1337 3501 loquax
1364 3415 1455 3480 esset
1481 3407 1802 3506 historiographus,
1831 3433 1910 3480 euin
1937 3415 2125 3480 tractatum
2151 3408 2186 3478 in
2213 3407 2321 3480 libros

568 3579 648 3628 suos
674 3555 828 3652 recipere
854 3553 1086 3653 spreverit⁷¹).

716 3704 818 3776 VIII.
847 3704 1097 3803 Peragrapbus
1124 3706 1303 3802 trigesima
1320 3705 1474 3778 secunda
1497 3705 1683 3802 Pomponii
1708 3712 1772 3776 est.
1823 3707 1914 3778 Eam
1940 3731 2010 3778 non
2037 3731 2113 3779 esse
2142 3706 2321 3804 scriptoris

569 3852 764 3949 Pomponio
785 3853 935 3950 junioris
971 3863 1167 3952 praetorem
1200 3853 1383 3926 tutelarem
1420 3853 1587 3926 allarcc
1611 3853 1757 3927 Aurelio
1791 3853 2026 3927 introductum
2060 3856 2096 3926 in
2126 3855 2193 3928 hac
2219 3880 2323 3953 para·

573 4001 706 4100 grapho
741 4026 811 4075 non
837 4004 1054 4076 nominatum
1081 4005 1339 4098 demonstrare,
1372 4003 1448 4099 jam
1474 4026 1582 4100 supra
1607 4003 1737 4075 monui.
1777 4003 1963 4099 Pomponii
1989 4011 2104 4076 autem
2131 4028 2208 4076 eam
2234 4027 2322 4098 esse,

573 4149 815 4248 paragraphus
841 4150 1020 4246 trigesima
1046 4159 1173 4247 quarta
1198 4151 1341 4225 indicat.

719 4298 840 4372 VIHI.
870 4300 967 4389 Quae
1003 4301 1160 4396 sequitur
1193 4301 1438 4400 paragraphus
1474 4300 1651 4396 trigesima
1686 4299 1789 4372 tertia
1826 4309 1918 4372 certe
1951 4300 2136 4396 Pomponii
2164 4312 2323 4372 nonest.

572 4447 734 4520 Ceterum
760 4447 895 4520 mendis
921 4448 970 4520 ita
997 4447 1145 4545 squalet,
1174 4457 1212 4522 ut
1242 4474 1327 4522 uera
1359 4451 1434 4546 ejus
1470 4449 1604 4522 indoles
1630 4449 1691 4521 rix
1717 4451 1879 4545 cognosci
1906 4459 2021 4546 queat.
2073 4449 2190 4523 Unius
2216 4449 2325 4545 scrip·

574 4597 658 4668 toris
695 4604 805 4669 totam
838 4598 1100 4695 paragraphum
1135 4622 1205 4672 non
1241 4623 1336 4695 esse,
1372 4623 1578 4698 persuasum
1615 4599 1701 4671 mihi
1734 4598 1866 4694 babeo,
1896 4600 2028 4696 judicio
2061 4609 2178 4674 autem
2203 4599 2324 4672 linium

577 4747 810 4843 regundorum
835 4747 1005 4841 instituto,
1034 4748 1120 4821 mihi
1146 4749 1189 4821 de
1213 4747 1352 4844 finibus,
1379 4748 1440 4844 qui
1465 4747 1603 4842 fuerint,
1630 4770 1700 4819 non
1728 4747 1859 4842 liquere
1882 4747 2086 4844 pronuncio.

724 4895 771 4967 X.
799 4895 982 4968 Absolutis
1017 4896 1191 4992 prioribus
1225 4895 1311 4991 legis
1347 4895 1521 4968 secundae
1555 4894 1598 4968 de
1623 4895 1755 4992 origine
1778 4896 1868 4992 juris
1892 4895 2067 4992 partibus,
2105 4896 2150 4966 ad
2176 4897 2325 4992 tertiam,

577 5068 647 5139 qua
672 5043 716 5115 de
742 5043 961 5117 successione
987 5043 1208 5141 prudentium
1235 5044 1360 5139 agitur,
1387 5052 1617 5116 transeamus.

745 5347 781 5428 ⁷¹)
804 5349 842 5409 cl.
865 5347 1009 5420 Dirksen,
1033 5347 1221 5408 Vermischte
1243 5349 1404 5409 Schriften.
1449 5349 1473 5409 l.
1497 5369 1526 5428 p.
1546 5351 1595 5409 64.
